Ticker,Date,Time,LTP,BuyPrice,BuyQty,SellPrice,SellQty,LTQ,OpenInterest
NIFTY BANK.NSE_IDX,22/12/2023,09:07:19,47837.75,0,0,0,0,0,0
NIFTY BANK.NSE_IDX,22/12/2023,09:07:19,47837.75,0,0,0,0,0,0
NIFTY BANK.NSE_IDX,22/12/2023,09:07:19,47837.75,0,0,0,0,0,0
NIFTY BANK.NSE_IDX,22/12/2023,09:07:19,47837.75,0,0,0,0,0,0
NIFTY BANK.NSE_IDX,22/12/2023,09:07:20,47837.75,0,0,0,0,0,0
NIFTY BANK.NSE_IDX,22/12/2023,09:07:21,47837.75,0,0,0,0,0,0
NIFTY BANK.NSE_IDX,22/12/2023,09:07:22,47837.75,0,0,0,0,0,0
NIFTY BANK.NSE_IDX,22/12/2023,09:07:23,47837.75,0,0,0,0,0,0
NIFTY BANK.NSE_IDX,22/12/2023,09:07:24,47837.75,0,0,0,0,0,0
NIFTY BANK.NSE_IDX,22/12/2023,09:07:25,47837.75,0,0,0,0,0,0
NIFTY BANK.NSE_IDX,22/12/2023,09:07:26,47837.75,0,0,0,0,0,0
NIFTY BANK.NSE_IDX,22/12/2023,09:07:27,47837.75,0,0,0,0,0,0
NIFTY BANK.NSE_IDX,22/12/2023,09:07:28,47837.75,0,0,0,0,0,0
NIFTY BANK.NSE_IDX,22/12/2023,09:07:29,47837.75,0,0,0,0,0,0
NIFTY BANK.NSE_IDX,22/12/2023,09:07:30,47837.75,0,0,0,0,0,0
NIFTY BANK.NSE_IDX,22/12/2023,09:07:31,47837.75,0,0,0,0,0,0
NIFTY BANK.NSE_IDX,22/12/2023,09:07:32,47837.75,0,0,0,0,0,0
NIFTY BANK.NSE_IDX,22/12/2023,09:07:33,47837.75,0,0,0,0,0,0
NIFTY BANK.NSE_IDX,22/12/2023,09:07:34,47837.75,0,0,0,0,0,0
NIFTY BANK.NSE_IDX,22/12/2023,09:07:35,47837.75,0,0,0,0,0,0
NIFTY BANK.NSE_IDX,22/12/2023,09:07:36,47837.75,0,0,0,0,0,0
NIFTY BANK.NSE_IDX,22/12/2023,09:07:37,47837.75,0,0,0,0,0,0
NIFTY BANK.NSE_IDX,22/12/2023,09:07:38,47837.75,0,0,0,0,0,0
NIFTY BANK.NSE_IDX,22/12/2023,09:07:39,47837.75,0,0,0,0,0,0
NIFTY BANK.NSE_IDX,22/12/2023,09:07:40,47837.75,0,0,0,0,0,0
NIFTY BANK.NSE_IDX,22/12/2023,09:07:41,47837.75,0,0,0,0,0,0
NIFTY BANK.NSE_IDX,22/12/2023,09:07:42,47837.75,0,0,0,0,0,0
NIFTY BANK.NSE_IDX,22/12/2023,09:07:43,47837.75,0,0,0,0,0,0
NIFTY BANK.NSE_IDX,22/12/2023,09:07:44,47837.75,0,0,0,0,0,0
NIFTY BANK.NSE_IDX,22/12/2023,09:07:45,47837.75,0,0,0,0,0,0
NIFTY BANK.NSE_IDX,22/12/2023,09:07:46,47837.75,0,0,0,0,0,0
NIFTY BANK.NSE_IDX,22/12/2023,09:07:47,47837.75,0,0,0,0,0,0
NIFTY BANK.NSE_IDX,22/12/2023,09:07:48,47837.75,0,0,0,0,0,0
NIFTY BANK.NSE_IDX,22/12/2023,09:07:49,47837.75,0,0,0,0,0,0
NIFTY BANK.NSE_IDX,22/12/2023,09:07:50,47837.75,0,0,0,0,0,0
NIFTY BANK.NSE_IDX,22/12/2023,09:07:51,47837.75,0,0,0,0,0,0
NIFTY BANK.NSE_IDX,22/12/2023,09:07:52,47837.75,0,0,0,0,0,0
NIFTY BANK.NSE_IDX,22/12/2023,09:07:53,47837.75,0,0,0,0,0,0
NIFTY BANK.NSE_IDX,22/12/2023,09:07:54,47837.75,0,0,0,0,0,0
NIFTY BANK.NSE_IDX,22/12/2023,09:07:55,47837.75,0,0,0,0,0,0
NIFTY BANK.NSE_IDX,22/12/2023,09:07:56,47837.75,0,0,0,0,0,0
NIFTY BANK.NSE_IDX,22/12/2023,09:07:57,47837.75,0,0,0,0,0,0
NIFTY BANK.NSE_IDX,22/12/2023,09:07:58,47837.75,0,0,0,0,0,0
NIFTY BANK.NSE_IDX,22/12/2023,09:07:59,47837.75,0,0,0,0,0,0
NIFTY BANK.NSE_IDX,22/12/2023,09:08:00,47837.75,0,0,0,0,0,0
NIFTY BANK.NSE_IDX,22/12/2023,09:08:01,47837.75,0,0,0,0,0,0
NIFTY BANK.NSE_IDX,22/12/2023,09:08:02,47837.75,0,0,0,0,0,0
NIFTY BANK.NSE_IDX,22/12/2023,09:08:03,47837.75,0,0,0,0,0,0
NIFTY BANK.NSE_IDX,22/12/2023,09:08:04,47837.75,0,0,0,0,0,0
NIFTY BANK.NSE_IDX,22/12/2023,09:08:05,47837.75,0,0,0,0,0,0
NIFTY BANK.NSE_IDX,22/12/2023,09:08:06,47837.75,0,0,0,0,0,0
NIFTY BANK.NSE_IDX,22/12/2023,09:08:07,47837.75,0,0,0,0,0,0
NIFTY BANK.NSE_IDX,22/12/2023,09:08:08,47837.75,0,0,0,0,0,0
NIFTY BANK.NSE_IDX,22/12/2023,09:08:09,47837.75,0,0,0,0,0,0
NIFTY BANK.NSE_IDX,22/12/2023,09:08:10,47837.75,0,0,0,0,0,0
NIFTY BANK.NSE_IDX,22/12/2023,09:08:11,47837.75,0,0,0,0,0,0
NIFTY BANK.NSE_IDX,22/12/2023,09:08:12,47837.75,0,0,0,0,0,0
NIFTY BANK.NSE_IDX,22/12/2023,09:08:13,47837.75,0,0,0,0,0,0
NIFTY BANK.NSE_IDX,22/12/2023,09:08:14,47837.75,0,0,0,0,0,0
NIFTY BANK.NSE_IDX,22/12/2023,09:08:15,47837.75,0,0,0,0,0,0
NIFTY BANK.NSE_IDX,22/12/2023,09:08:16,47837.75,0,0,0,0,0,0
NIFTY BANK.NSE_IDX,22/12/2023,09:08:17,47837.75,0,0,0,0,0,0
NIFTY BANK.NSE_IDX,22/12/2023,09:08:18,47837.75,0,0,0,0,0,0
NIFTY BANK.NSE_IDX,22/12/2023,09:08:19,47837.75,0,0,0,0,0,0
NIFTY BANK.NSE_IDX,22/12/2023,09:08:20,47837.75,0,0,0,0,0,0
NIFTY BANK.NSE_IDX,22/12/2023,09:08:21,47837.75,0,0,0,0,0,0
NIFTY BANK.NSE_IDX,22/12/2023,09:08:22,47837.75,0,0,0,0,0,0
NIFTY BANK.NSE_IDX,22/12/2023,09:08:23,47837.75,0,0,0,0,0,0
NIFTY BANK.NSE_IDX,22/12/2023,09:08:24,47837.75,0,0,0,0,0,0
NIFTY BANK.NSE_IDX,22/12/2023,09:08:25,47837.75,0,0,0,0,0,0
NIFTY BANK.NSE_IDX,22/12/2023,09:08:26,47837.75,0,0,0,0,0,0
NIFTY BANK.NSE_IDX,22/12/2023,09:08:27,47837.75,0,0,0,0,0,0
NIFTY BANK.NSE_IDX,22/12/2023,09:08:28,47837.75,0,0,0,0,0,0
NIFTY BANK.NSE_IDX,22/12/2023,09:08:29,47837.75,0,0,0,0,0,0
NIFTY BANK.NSE_IDX,22/12/2023,09:08:30,47837.75,0,0,0,0,0,0
NIFTY BANK.NSE_IDX,22/12/2023,09:08:31,47837.75,0,0,0,0,0,0
NIFTY BANK.NSE_IDX,22/12/2023,09:08:32,47837.75,0,0,0,0,0,0
NIFTY BANK.NSE_IDX,22/12/2023,09:08:33,47837.75,0,0,0,0,0,0
NIFTY BANK.NSE_IDX,22/12/2023,09:08:34,47837.75,0,0,0,0,0,0
NIFTY BANK.NSE_IDX,22/12/2023,09:08:35,47837.75,0,0,0,0,0,0
NIFTY BANK.NSE_IDX,22/12/2023,09:08:36,47837.75,0,0,0,0,0,0
NIFTY BANK.NSE_IDX,22/12/2023,09:08:37,47837.75,0,0,0,0,0,0
NIFTY BANK.NSE_IDX,22/12/2023,09:08:38,47837.75,0,0,0,0,0,0
NIFTY BANK.NSE_IDX,22/12/2023,09:08:39,47837.75,0,0,0,0,0,0
NIFTY BANK.NSE_IDX,22/12/2023,09:08:40,47837.75,0,0,0,0,0,0
NIFTY BANK.NSE_IDX,22/12/2023,09:08:41,47837.75,0,0,0,0,0,0
NIFTY BANK.NSE_IDX,22/12/2023,09:08:42,47837.75,0,0,0,0,0,0
NIFTY BANK.NSE_IDX,22/12/2023,09:08:43,47837.75,0,0,0,0,0,0
NIFTY BANK.NSE_IDX,22/12/2023,09:08:44,47837.75,0,0,0,0,0,0
NIFTY BANK.NSE_IDX,22/12/2023,09:08:45,47837.75,0,0,0,0,0,0
NIFTY BANK.NSE_IDX,22/12/2023,09:08:46,47837.75,0,0,0,0,0,0
NIFTY BANK.NSE_IDX,22/12/2023,09:08:47,47837.75,0,0,0,0,0,0
NIFTY BANK.NSE_IDX,22/12/2023,09:08:48,47837.75,0,0,0,0,0,0
NIFTY BANK.NSE_IDX,22/12/2023,09:08:49,47837.75,0,0,0,0,0,0
NIFTY BANK.NSE_IDX,22/12/2023,09:08:50,47837.75,0,0,0,0,0,0
NIFTY BANK.NSE_IDX,22/12/2023,09:08:51,47837.75,0,0,0,0,0,0
NIFTY BANK.NSE_IDX,22/12/2023,09:08:52,47837.75,0,0,0,0,0,0
NIFTY BANK.NSE_IDX,22/12/2023,09:08:53,47837.75,0,0,0,0,0,0
NIFTY BANK.NSE_IDX,22/12/2023,09:08:54,47837.75,0,0,0,0,0,0
NIFTY BANK.NSE_IDX,22/12/2023,09:08:55,47837.75,0,0,0,0,0,0
NIFTY BANK.NSE_IDX,22/12/2023,09:08:56,47837.75,0,0,0,0,0,0
NIFTY BANK.NSE_IDX,22/12/2023,09:08:57,47837.75,0,0,0,0,0,0
NIFTY BANK.NSE_IDX,22/12/2023,09:08:58,47837.75,0,0,0,0,0,0
NIFTY BANK.NSE_IDX,22/12/2023,09:08:59,47837.75,0,0,0,0,0,0
NIFTY BANK.NSE_IDX,22/12/2023,09:09:00,47837.75,0,0,0,0,0,0
NIFTY BANK.NSE_IDX,22/12/2023,09:09:01,47837.75,0,0,0,0,0,0
NIFTY BANK.NSE_IDX,22/12/2023,09:09:02,47837.75,0,0,0,0,0,0
NIFTY BANK.NSE_IDX,22/12/2023,09:09:03,47837.75,0,0,0,0,0,0
NIFTY BANK.NSE_IDX,22/12/2023,09:09:04,47837.75,0,0,0,0,0,0
NIFTY BANK.NSE_IDX,22/12/2023,09:09:05,47837.75,0,0,0,0,0,0
NIFTY BANK.NSE_IDX,22/12/2023,09:09:06,47837.75,0,0,0,0,0,0
NIFTY BANK.NSE_IDX,22/12/2023,09:09:07,47837.75,0,0,0,0,0,0
NIFTY BANK.NSE_IDX,22/12/2023,09:09:08,47837.75,0,0,0,0,0,0
NIFTY BANK.NSE_IDX,22/12/2023,09:09:09,47837.75,0,0,0,0,0,0
NIFTY BANK.NSE_IDX,22/12/2023,09:09:10,47837.75,0,0,0,0,0,0
NIFTY BANK.NSE_IDX,22/12/2023,09:09:11,47837.75,0,0,0,0,0,0
NIFTY BANK.NSE_IDX,22/12/2023,09:09:12,47837.75,0,0,0,0,0,0
NIFTY BANK.NSE_IDX,22/12/2023,09:09:13,47837.75,0,0,0,0,0,0
NIFTY BANK.NSE_IDX,22/12/2023,09:09:14,47837.75,0,0,0,0,0,0
NIFTY BANK.NSE_IDX,22/12/2023,09:09:15,47837.75,0,0,0,0,0,0
NIFTY BANK.NSE_IDX,22/12/2023,09:09:16,47837.75,0,0,0,0,0,0
NIFTY BANK.NSE_IDX,22/12/2023,09:09:17,47837.75,0,0,0,0,0,0
NIFTY BANK.NSE_IDX,22/12/2023,09:09:18,47837.75,0,0,0,0,0,0
NIFTY BANK.NSE_IDX,22/12/2023,09:09:19,47837.75,0,0,0,0,0,0
NIFTY BANK.NSE_IDX,22/12/2023,09:09:20,47837.75,0,0,0,0,0,0
NIFTY BANK.NSE_IDX,22/12/2023,09:09:21,47837.75,0,0,0,0,0,0
NIFTY BANK.NSE_IDX,22/12/2023,09:09:22,47837.75,0,0,0,0,0,0
NIFTY BANK.NSE_IDX,22/12/2023,09:09:23,47837.75,0,0,0,0,0,0
NIFTY BANK.NSE_IDX,22/12/2023,09:09:24,47837.75,0,0,0,0,0,0
NIFTY BANK.NSE_IDX,22/12/2023,09:09:25,47837.75,0,0,0,0,0,0
NIFTY BANK.NSE_IDX,22/12/2023,09:09:26,47837.75,0,0,0,0,0,0
NIFTY BANK.NSE_IDX,22/12/2023,09:09:27,47837.75,0,0,0,0,0,0
NIFTY BANK.NSE_IDX,22/12/2023,09:09:28,47837.75,0,0,0,0,0,0
NIFTY BANK.NSE_IDX,22/12/2023,09:09:29,47837.75,0,0,0,0,0,0
NIFTY BANK.NSE_IDX,22/12/2023,09:09:30,47837.75,0,0,0,0,0,0
NIFTY BANK.NSE_IDX,22/12/2023,09:09:31,47837.75,0,0,0,0,0,0
NIFTY BANK.NSE_IDX,22/12/2023,09:09:32,47837.75,0,0,0,0,0,0
NIFTY BANK.NSE_IDX,22/12/2023,09:09:33,47837.75,0,0,0,0,0,0
NIFTY BANK.NSE_IDX,22/12/2023,09:09:34,47837.75,0,0,0,0,0,0
NIFTY BANK.NSE_IDX,22/12/2023,09:09:35,47837.75,0,0,0,0,0,0
NIFTY BANK.NSE_IDX,22/12/2023,09:09:36,47837.75,0,0,0,0,0,0
NIFTY BANK.NSE_IDX,22/12/2023,09:09:37,47837.75,0,0,0,0,0,0
NIFTY BANK.NSE_IDX,22/12/2023,09:09:38,47837.75,0,0,0,0,0,0
NIFTY BANK.NSE_IDX,22/12/2023,09:09:39,47837.75,0,0,0,0,0,0
NIFTY BANK.NSE_IDX,22/12/2023,09:09:40,47837.75,0,0,0,0,0,0
NIFTY BANK.NSE_IDX,22/12/2023,09:09:41,47837.75,0,0,0,0,0,0
NIFTY BANK.NSE_IDX,22/12/2023,09:09:42,47837.75,0,0,0,0,0,0
NIFTY BANK.NSE_IDX,22/12/2023,09:09:43,47837.75,0,0,0,0,0,0
NIFTY BANK.NSE_IDX,22/12/2023,09:09:44,47837.75,0,0,0,0,0,0
NIFTY BANK.NSE_IDX,22/12/2023,09:09:45,47837.75,0,0,0,0,0,0
NIFTY BANK.NSE_IDX,22/12/2023,09:09:46,47837.75,0,0,0,0,0,0
NIFTY BANK.NSE_IDX,22/12/2023,09:09:47,47837.75,0,0,0,0,0,0
NIFTY BANK.NSE_IDX,22/12/2023,09:09:48,47837.75,0,0,0,0,0,0
NIFTY BANK.NSE_IDX,22/12/2023,09:09:49,47837.75,0,0,0,0,0,0
NIFTY BANK.NSE_IDX,22/12/2023,09:09:50,47837.75,0,0,0,0,0,0
NIFTY BANK.NSE_IDX,22/12/2023,09:09:51,47837.75,0,0,0,0,0,0
NIFTY BANK.NSE_IDX,22/12/2023,09:09:52,47837.75,0,0,0,0,0,0
NIFTY BANK.NSE_IDX,22/12/2023,09:09:53,47837.75,0,0,0,0,0,0
NIFTY BANK.NSE_IDX,22/12/2023,09:09:54,47837.75,0,0,0,0,0,0
NIFTY BANK.NSE_IDX,22/12/2023,09:09:55,47837.75,0,0,0,0,0,0
NIFTY BANK.NSE_IDX,22/12/2023,09:09:56,47837.75,0,0,0,0,0,0
NIFTY BANK.NSE_IDX,22/12/2023,09:09:57,47837.75,0,0,0,0,0,0
NIFTY BANK.NSE_IDX,22/12/2023,09:09:58,47837.75,0,0,0,0,0,0
NIFTY BANK.NSE_IDX,22/12/2023,09:09:59,47837.75,0,0,0,0,0,0
NIFTY BANK.NSE_IDX,22/12/2023,09:10:00,47837.75,0,0,0,0,0,0
NIFTY BANK.NSE_IDX,22/12/2023,09:10:01,47837.75,0,0,0,0,0,0
NIFTY BANK.NSE_IDX,22/12/2023,09:10:02,47837.75,0,0,0,0,0,0
NIFTY BANK.NSE_IDX,22/12/2023,09:10:03,47837.75,0,0,0,0,0,0
NIFTY BANK.NSE_IDX,22/12/2023,09:10:04,47837.75,0,0,0,0,0,0
NIFTY BANK.NSE_IDX,22/12/2023,09:10:05,47837.75,0,0,0,0,0,0
NIFTY BANK.NSE_IDX,22/12/2023,09:10:06,47837.75,0,0,0,0,0,0
NIFTY BANK.NSE_IDX,22/12/2023,09:10:07,47837.75,0,0,0,0,0,0
NIFTY BANK.NSE_IDX,22/12/2023,09:10:08,47837.75,0,0,0,0,0,0
NIFTY BANK.NSE_IDX,22/12/2023,09:10:09,47837.75,0,0,0,0,0,0
NIFTY BANK.NSE_IDX,22/12/2023,09:10:10,47837.75,0,0,0,0,0,0
NIFTY BANK.NSE_IDX,22/12/2023,09:10:11,47837.75,0,0,0,0,0,0
NIFTY BANK.NSE_IDX,22/12/2023,09:10:12,47837.75,0,0,0,0,0,0
NIFTY BANK.NSE_IDX,22/12/2023,09:10:13,47837.75,0,0,0,0,0,0
NIFTY BANK.NSE_IDX,22/12/2023,09:10:14,47837.75,0,0,0,0,0,0
NIFTY BANK.NSE_IDX,22/12/2023,09:10:15,47837.75,0,0,0,0,0,0
NIFTY BANK.NSE_IDX,22/12/2023,09:10:16,47837.75,0,0,0,0,0,0
NIFTY BANK.NSE_IDX,22/12/2023,09:10:17,47837.75,0,0,0,0,0,0
NIFTY BANK.NSE_IDX,22/12/2023,09:10:18,47837.75,0,0,0,0,0,0
NIFTY BANK.NSE_IDX,22/12/2023,09:10:19,47837.75,0,0,0,0,0,0
NIFTY BANK.NSE_IDX,22/12/2023,09:10:20,47837.75,0,0,0,0,0,0
NIFTY BANK.NSE_IDX,22/12/2023,09:10:21,47837.75,0,0,0,0,0,0
NIFTY BANK.NSE_IDX,22/12/2023,09:10:22,47837.75,0,0,0,0,0,0
NIFTY BANK.NSE_IDX,22/12/2023,09:10:23,47837.75,0,0,0,0,0,0
NIFTY BANK.NSE_IDX,22/12/2023,09:10:24,47837.75,0,0,0,0,0,0
NIFTY BANK.NSE_IDX,22/12/2023,09:10:25,47837.75,0,0,0,0,0,0
NIFTY BANK.NSE_IDX,22/12/2023,09:10:26,47837.75,0,0,0,0,0,0
NIFTY BANK.NSE_IDX,22/12/2023,09:10:27,47837.75,0,0,0,0,0,0
NIFTY BANK.NSE_IDX,22/12/2023,09:10:28,47837.75,0,0,0,0,0,0
NIFTY BANK.NSE_IDX,22/12/2023,09:10:29,47837.75,0,0,0,0,0,0
NIFTY BANK.NSE_IDX,22/12/2023,09:10:30,47837.75,0,0,0,0,0,0
NIFTY BANK.NSE_IDX,22/12/2023,09:10:31,47837.75,0,0,0,0,0,0
NIFTY BANK.NSE_IDX,22/12/2023,09:10:32,47837.75,0,0,0,0,0,0
NIFTY BANK.NSE_IDX,22/12/2023,09:10:33,47837.75,0,0,0,0,0,0
NIFTY BANK.NSE_IDX,22/12/2023,09:10:34,47837.75,0,0,0,0,0,0
NIFTY BANK.NSE_IDX,22/12/2023,09:10:35,47837.75,0,0,0,0,0,0
NIFTY BANK.NSE_IDX,22/12/2023,09:10:36,47837.75,0,0,0,0,0,0
NIFTY BANK.NSE_IDX,22/12/2023,09:10:37,47837.75,0,0,0,0,0,0
NIFTY BANK.NSE_IDX,22/12/2023,09:10:38,47837.75,0,0,0,0,0,0
NIFTY BANK.NSE_IDX,22/12/2023,09:10:39,47837.75,0,0,0,0,0,0
NIFTY BANK.NSE_IDX,22/12/2023,09:10:40,47837.75,0,0,0,0,0,0
NIFTY BANK.NSE_IDX,22/12/2023,09:10:41,47837.75,0,0,0,0,0,0
NIFTY BANK.NSE_IDX,22/12/2023,09:10:42,47837.75,0,0,0,0,0,0
NIFTY BANK.NSE_IDX,22/12/2023,09:10:43,47837.75,0,0,0,0,0,0
NIFTY BANK.NSE_IDX,22/12/2023,09:10:44,47837.75,0,0,0,0,0,0
NIFTY BANK.NSE_IDX,22/12/2023,09:10:45,47837.75,0,0,0,0,0,0
NIFTY BANK.NSE_IDX,22/12/2023,09:10:46,47837.75,0,0,0,0,0,0
NIFTY BANK.NSE_IDX,22/12/2023,09:10:47,47837.75,0,0,0,0,0,0
NIFTY BANK.NSE_IDX,22/12/2023,09:10:48,47837.75,0,0,0,0,0,0
NIFTY BANK.NSE_IDX,22/12/2023,09:10:49,47837.75,0,0,0,0,0,0
NIFTY BANK.NSE_IDX,22/12/2023,09:10:50,47837.75,0,0,0,0,0,0
NIFTY BANK.NSE_IDX,22/12/2023,09:10:51,47837.75,0,0,0,0,0,0
NIFTY BANK.NSE_IDX,22/12/2023,09:10:52,47837.75,0,0,0,0,0,0
NIFTY BANK.NSE_IDX,22/12/2023,09:10:53,47837.75,0,0,0,0,0,0
NIFTY BANK.NSE_IDX,22/12/2023,09:10:54,47837.75,0,0,0,0,0,0
NIFTY BANK.NSE_IDX,22/12/2023,09:10:55,47837.75,0,0,0,0,0,0
NIFTY BANK.NSE_IDX,22/12/2023,09:10:56,47837.75,0,0,0,0,0,0
NIFTY BANK.NSE_IDX,22/12/2023,09:10:57,47837.75,0,0,0,0,0,0
NIFTY BANK.NSE_IDX,22/12/2023,09:10:58,47837.75,0,0,0,0,0,0
NIFTY BANK.NSE_IDX,22/12/2023,09:10:59,47837.75,0,0,0,0,0,0
NIFTY BANK.NSE_IDX,22/12/2023,09:11:00,47837.75,0,0,0,0,0,0
NIFTY BANK.NSE_IDX,22/12/2023,09:11:01,47837.75,0,0,0,0,0,0
NIFTY BANK.NSE_IDX,22/12/2023,09:11:02,47837.75,0,0,0,0,0,0
NIFTY BANK.NSE_IDX,22/12/2023,09:11:03,47837.75,0,0,0,0,0,0
NIFTY BANK.NSE_IDX,22/12/2023,09:11:04,47837.75,0,0,0,0,0,0
NIFTY BANK.NSE_IDX,22/12/2023,09:11:05,47837.75,0,0,0,0,0,0
NIFTY BANK.NSE_IDX,22/12/2023,09:11:06,47837.75,0,0,0,0,0,0
NIFTY BANK.NSE_IDX,22/12/2023,09:11:07,47837.75,0,0,0,0,0,0
NIFTY BANK.NSE_IDX,22/12/2023,09:11:08,47837.75,0,0,0,0,0,0
NIFTY BANK.NSE_IDX,22/12/2023,09:11:09,47837.75,0,0,0,0,0,0
NIFTY BANK.NSE_IDX,22/12/2023,09:11:10,47837.75,0,0,0,0,0,0
NIFTY BANK.NSE_IDX,22/12/2023,09:11:11,47837.75,0,0,0,0,0,0
NIFTY BANK.NSE_IDX,22/12/2023,09:11:12,47837.75,0,0,0,0,0,0
NIFTY BANK.NSE_IDX,22/12/2023,09:11:13,47837.75,0,0,0,0,0,0
NIFTY BANK.NSE_IDX,22/12/2023,09:11:14,47837.75,0,0,0,0,0,0
NIFTY BANK.NSE_IDX,22/12/2023,09:11:15,47837.75,0,0,0,0,0,0
NIFTY BANK.NSE_IDX,22/12/2023,09:11:16,47837.75,0,0,0,0,0,0
NIFTY BANK.NSE_IDX,22/12/2023,09:11:17,47837.75,0,0,0,0,0,0
NIFTY BANK.NSE_IDX,22/12/2023,09:11:18,47837.75,0,0,0,0,0,0
NIFTY BANK.NSE_IDX,22/12/2023,09:11:19,47837.75,0,0,0,0,0,0
NIFTY BANK.NSE_IDX,22/12/2023,09:11:20,47837.75,0,0,0,0,0,0
NIFTY BANK.NSE_IDX,22/12/2023,09:11:21,47837.75,0,0,0,0,0,0
NIFTY BANK.NSE_IDX,22/12/2023,09:11:22,47837.75,0,0,0,0,0,0
NIFTY BANK.NSE_IDX,22/12/2023,09:11:23,47837.75,0,0,0,0,0,0
NIFTY BANK.NSE_IDX,22/12/2023,09:11:24,47837.75,0,0,0,0,0,0
NIFTY BANK.NSE_IDX,22/12/2023,09:11:25,47837.75,0,0,0,0,0,0
NIFTY BANK.NSE_IDX,22/12/2023,09:11:26,47837.75,0,0,0,0,0,0
NIFTY BANK.NSE_IDX,22/12/2023,09:11:27,47837.75,0,0,0,0,0,0
NIFTY BANK.NSE_IDX,22/12/2023,09:11:28,47837.75,0,0,0,0,0,0
NIFTY BANK.NSE_IDX,22/12/2023,09:11:29,47837.75,0,0,0,0,0,0
NIFTY BANK.NSE_IDX,22/12/2023,09:11:30,47837.75,0,0,0,0,0,0
NIFTY BANK.NSE_IDX,22/12/2023,09:11:31,47837.75,0,0,0,0,0,0
NIFTY BANK.NSE_IDX,22/12/2023,09:11:32,47837.75,0,0,0,0,0,0
NIFTY BANK.NSE_IDX,22/12/2023,09:11:33,47837.75,0,0,0,0,0,0
NIFTY BANK.NSE_IDX,22/12/2023,09:11:34,47837.75,0,0,0,0,0,0
NIFTY BANK.NSE_IDX,22/12/2023,09:11:35,47837.75,0,0,0,0,0,0
NIFTY BANK.NSE_IDX,22/12/2023,09:11:36,47837.75,0,0,0,0,0,0
NIFTY BANK.NSE_IDX,22/12/2023,09:11:37,47837.75,0,0,0,0,0,0
NIFTY BANK.NSE_IDX,22/12/2023,09:11:38,47837.75,0,0,0,0,0,0
NIFTY BANK.NSE_IDX,22/12/2023,09:11:39,47837.75,0,0,0,0,0,0
NIFTY BANK.NSE_IDX,22/12/2023,09:11:40,47837.75,0,0,0,0,0,0
NIFTY BANK.NSE_IDX,22/12/2023,09:11:41,47837.75,0,0,0,0,0,0
NIFTY BANK.NSE_IDX,22/12/2023,09:11:42,47837.75,0,0,0,0,0,0
NIFTY BANK.NSE_IDX,22/12/2023,09:11:43,47837.75,0,0,0,0,0,0
NIFTY BANK.NSE_IDX,22/12/2023,09:11:44,47837.75,0,0,0,0,0,0
NIFTY BANK.NSE_IDX,22/12/2023,09:11:45,47837.75,0,0,0,0,0,0
NIFTY BANK.NSE_IDX,22/12/2023,09:11:46,47837.75,0,0,0,0,0,0
NIFTY BANK.NSE_IDX,22/12/2023,09:11:47,47837.75,0,0,0,0,0,0
NIFTY BANK.NSE_IDX,22/12/2023,09:11:48,47837.75,0,0,0,0,0,0
NIFTY BANK.NSE_IDX,22/12/2023,09:11:49,47837.75,0,0,0,0,0,0
NIFTY BANK.NSE_IDX,22/12/2023,09:11:50,47837.75,0,0,0,0,0,0
NIFTY BANK.NSE_IDX,22/12/2023,09:11:51,47837.75,0,0,0,0,0,0
NIFTY BANK.NSE_IDX,22/12/2023,09:11:52,47837.75,0,0,0,0,0,0
NIFTY BANK.NSE_IDX,22/12/2023,09:11:53,47837.75,0,0,0,0,0,0
NIFTY BANK.NSE_IDX,22/12/2023,09:11:54,47837.75,0,0,0,0,0,0
NIFTY BANK.NSE_IDX,22/12/2023,09:11:55,47837.75,0,0,0,0,0,0
NIFTY BANK.NSE_IDX,22/12/2023,09:11:56,47837.75,0,0,0,0,0,0
NIFTY BANK.NSE_IDX,22/12/2023,09:11:57,47837.75,0,0,0,0,0,0
NIFTY BANK.NSE_IDX,22/12/2023,09:11:58,47837.75,0,0,0,0,0,0
NIFTY BANK.NSE_IDX,22/12/2023,09:11:59,47837.75,0,0,0,0,0,0
NIFTY BANK.NSE_IDX,22/12/2023,09:12:00,47837.75,0,0,0,0,0,0
NIFTY BANK.NSE_IDX,22/12/2023,09:12:01,47837.75,0,0,0,0,0,0
NIFTY BANK.NSE_IDX,22/12/2023,09:12:02,47837.75,0,0,0,0,0,0
NIFTY BANK.NSE_IDX,22/12/2023,09:12:03,47837.75,0,0,0,0,0,0
NIFTY BANK.NSE_IDX,22/12/2023,09:12:04,47837.75,0,0,0,0,0,0
NIFTY BANK.NSE_IDX,22/12/2023,09:12:05,47837.75,0,0,0,0,0,0
NIFTY BANK.NSE_IDX,22/12/2023,09:12:06,47837.75,0,0,0,0,0,0
NIFTY BANK.NSE_IDX,22/12/2023,09:12:07,47837.75,0,0,0,0,0,0
NIFTY BANK.NSE_IDX,22/12/2023,09:12:08,47837.75,0,0,0,0,0,0
NIFTY BANK.NSE_IDX,22/12/2023,09:12:09,47837.75,0,0,0,0,0,0
NIFTY BANK.NSE_IDX,22/12/2023,09:12:10,47837.75,0,0,0,0,0,0
NIFTY BANK.NSE_IDX,22/12/2023,09:12:11,47837.75,0,0,0,0,0,0
NIFTY BANK.NSE_IDX,22/12/2023,09:12:12,47837.75,0,0,0,0,0,0
NIFTY BANK.NSE_IDX,22/12/2023,09:12:13,47837.75,0,0,0,0,0,0
NIFTY BANK.NSE_IDX,22/12/2023,09:12:14,47837.75,0,0,0,0,0,0
NIFTY BANK.NSE_IDX,22/12/2023,09:12:15,47837.75,0,0,0,0,0,0
NIFTY BANK.NSE_IDX,22/12/2023,09:12:16,47837.75,0,0,0,0,0,0
NIFTY BANK.NSE_IDX,22/12/2023,09:12:17,47837.75,0,0,0,0,0,0
NIFTY BANK.NSE_IDX,22/12/2023,09:12:18,47837.75,0,0,0,0,0,0
NIFTY BANK.NSE_IDX,22/12/2023,09:12:19,47837.75,0,0,0,0,0,0
NIFTY BANK.NSE_IDX,22/12/2023,09:12:20,47837.75,0,0,0,0,0,0
NIFTY BANK.NSE_IDX,22/12/2023,09:12:21,47837.75,0,0,0,0,0,0
NIFTY BANK.NSE_IDX,22/12/2023,09:12:22,47837.75,0,0,0,0,0,0
NIFTY BANK.NSE_IDX,22/12/2023,09:12:23,47837.75,0,0,0,0,0,0
NIFTY BANK.NSE_IDX,22/12/2023,09:12:24,47837.75,0,0,0,0,0,0
NIFTY BANK.NSE_IDX,22/12/2023,09:12:25,47837.75,0,0,0,0,0,0
NIFTY BANK.NSE_IDX,22/12/2023,09:12:26,47837.75,0,0,0,0,0,0
NIFTY BANK.NSE_IDX,22/12/2023,09:12:27,47837.75,0,0,0,0,0,0
NIFTY BANK.NSE_IDX,22/12/2023,09:12:28,47837.75,0,0,0,0,0,0
NIFTY BANK.NSE_IDX,22/12/2023,09:12:29,47837.75,0,0,0,0,0,0
NIFTY BANK.NSE_IDX,22/12/2023,09:12:30,47837.75,0,0,0,0,0,0
NIFTY BANK.NSE_IDX,22/12/2023,09:12:31,47837.75,0,0,0,0,0,0
NIFTY BANK.NSE_IDX,22/12/2023,09:12:32,47837.75,0,0,0,0,0,0
NIFTY BANK.NSE_IDX,22/12/2023,09:12:33,47837.75,0,0,0,0,0,0
NIFTY BANK.NSE_IDX,22/12/2023,09:12:34,47837.75,0,0,0,0,0,0
NIFTY BANK.NSE_IDX,22/12/2023,09:12:35,47837.75,0,0,0,0,0,0
NIFTY BANK.NSE_IDX,22/12/2023,09:12:36,47837.75,0,0,0,0,0,0
NIFTY BANK.NSE_IDX,22/12/2023,09:12:37,47837.75,0,0,0,0,0,0
NIFTY BANK.NSE_IDX,22/12/2023,09:12:38,47837.75,0,0,0,0,0,0
NIFTY BANK.NSE_IDX,22/12/2023,09:12:39,47837.75,0,0,0,0,0,0
NIFTY BANK.NSE_IDX,22/12/2023,09:12:40,47837.75,0,0,0,0,0,0
NIFTY BANK.NSE_IDX,22/12/2023,09:12:41,47837.75,0,0,0,0,0,0
NIFTY BANK.NSE_IDX,22/12/2023,09:12:42,47837.75,0,0,0,0,0,0
NIFTY BANK.NSE_IDX,22/12/2023,09:12:43,47837.75,0,0,0,0,0,0
NIFTY BANK.NSE_IDX,22/12/2023,09:12:44,47837.75,0,0,0,0,0,0
NIFTY BANK.NSE_IDX,22/12/2023,09:12:45,47837.75,0,0,0,0,0,0
NIFTY BANK.NSE_IDX,22/12/2023,09:12:46,47837.75,0,0,0,0,0,0
NIFTY BANK.NSE_IDX,22/12/2023,09:12:47,47837.75,0,0,0,0,0,0
NIFTY BANK.NSE_IDX,22/12/2023,09:12:48,47837.75,0,0,0,0,0,0
NIFTY BANK.NSE_IDX,22/12/2023,09:12:49,47837.75,0,0,0,0,0,0
NIFTY BANK.NSE_IDX,22/12/2023,09:12:50,47837.75,0,0,0,0,0,0
NIFTY BANK.NSE_IDX,22/12/2023,09:12:51,47837.75,0,0,0,0,0,0
NIFTY BANK.NSE_IDX,22/12/2023,09:12:52,47837.75,0,0,0,0,0,0
NIFTY BANK.NSE_IDX,22/12/2023,09:12:53,47837.75,0,0,0,0,0,0
NIFTY BANK.NSE_IDX,22/12/2023,09:12:54,47837.75,0,0,0,0,0,0
NIFTY BANK.NSE_IDX,22/12/2023,09:12:55,47837.75,0,0,0,0,0,0
NIFTY BANK.NSE_IDX,22/12/2023,09:12:56,47837.75,0,0,0,0,0,0
NIFTY BANK.NSE_IDX,22/12/2023,09:12:57,47837.75,0,0,0,0,0,0
NIFTY BANK.NSE_IDX,22/12/2023,09:12:58,47837.75,0,0,0,0,0,0
NIFTY BANK.NSE_IDX,22/12/2023,09:12:59,47837.75,0,0,0,0,0,0
NIFTY BANK.NSE_IDX,22/12/2023,09:13:00,47837.75,0,0,0,0,0,0
NIFTY BANK.NSE_IDX,22/12/2023,09:13:01,47837.75,0,0,0,0,0,0
NIFTY BANK.NSE_IDX,22/12/2023,09:13:02,47837.75,0,0,0,0,0,0
NIFTY BANK.NSE_IDX,22/12/2023,09:13:03,47837.75,0,0,0,0,0,0
NIFTY BANK.NSE_IDX,22/12/2023,09:13:04,47837.75,0,0,0,0,0,0
NIFTY BANK.NSE_IDX,22/12/2023,09:13:05,47837.75,0,0,0,0,0,0
NIFTY BANK.NSE_IDX,22/12/2023,09:13:06,47837.75,0,0,0,0,0,0
NIFTY BANK.NSE_IDX,22/12/2023,09:13:07,47837.75,0,0,0,0,0,0
NIFTY BANK.NSE_IDX,22/12/2023,09:13:08,47837.75,0,0,0,0,0,0
NIFTY BANK.NSE_IDX,22/12/2023,09:13:09,47837.75,0,0,0,0,0,0
NIFTY BANK.NSE_IDX,22/12/2023,09:13:10,47837.75,0,0,0,0,0,0
NIFTY BANK.NSE_IDX,22/12/2023,09:13:11,47837.75,0,0,0,0,0,0
NIFTY BANK.NSE_IDX,22/12/2023,09:13:12,47837.75,0,0,0,0,0,0
NIFTY BANK.NSE_IDX,22/12/2023,09:13:13,47837.75,0,0,0,0,0,0
NIFTY BANK.NSE_IDX,22/12/2023,09:13:14,47837.75,0,0,0,0,0,0
NIFTY BANK.NSE_IDX,22/12/2023,09:13:15,47837.75,0,0,0,0,0,0
NIFTY BANK.NSE_IDX,22/12/2023,09:13:16,47837.75,0,0,0,0,0,0
NIFTY BANK.NSE_IDX,22/12/2023,09:13:17,47837.75,0,0,0,0,0,0
NIFTY BANK.NSE_IDX,22/12/2023,09:13:18,47837.75,0,0,0,0,0,0
NIFTY BANK.NSE_IDX,22/12/2023,09:13:19,47837.75,0,0,0,0,0,0
NIFTY BANK.NSE_IDX,22/12/2023,09:13:20,47837.75,0,0,0,0,0,0
NIFTY BANK.NSE_IDX,22/12/2023,09:13:21,47837.75,0,0,0,0,0,0
NIFTY BANK.NSE_IDX,22/12/2023,09:13:22,47837.75,0,0,0,0,0,0
NIFTY BANK.NSE_IDX,22/12/2023,09:13:23,47837.75,0,0,0,0,0,0
NIFTY BANK.NSE_IDX,22/12/2023,09:13:24,47837.75,0,0,0,0,0,0
NIFTY BANK.NSE_IDX,22/12/2023,09:13:25,47837.75,0,0,0,0,0,0
NIFTY BANK.NSE_IDX,22/12/2023,09:13:26,47837.75,0,0,0,0,0,0
NIFTY BANK.NSE_IDX,22/12/2023,09:13:27,47837.75,0,0,0,0,0,0
NIFTY BANK.NSE_IDX,22/12/2023,09:13:28,47837.75,0,0,0,0,0,0
NIFTY BANK.NSE_IDX,22/12/2023,09:13:29,47837.75,0,0,0,0,0,0
NIFTY BANK.NSE_IDX,22/12/2023,09:13:30,47837.75,0,0,0,0,0,0
NIFTY BANK.NSE_IDX,22/12/2023,09:13:31,47837.75,0,0,0,0,0,0
NIFTY BANK.NSE_IDX,22/12/2023,09:13:32,47837.75,0,0,0,0,0,0
NIFTY BANK.NSE_IDX,22/12/2023,09:13:33,47837.75,0,0,0,0,0,0
NIFTY BANK.NSE_IDX,22/12/2023,09:13:34,47837.75,0,0,0,0,0,0
NIFTY BANK.NSE_IDX,22/12/2023,09:13:35,47837.75,0,0,0,0,0,0
NIFTY BANK.NSE_IDX,22/12/2023,09:13:36,47837.75,0,0,0,0,0,0
NIFTY BANK.NSE_IDX,22/12/2023,09:13:37,47837.75,0,0,0,0,0,0
NIFTY BANK.NSE_IDX,22/12/2023,09:13:38,47837.75,0,0,0,0,0,0
NIFTY BANK.NSE_IDX,22/12/2023,09:13:39,47837.75,0,0,0,0,0,0
NIFTY BANK.NSE_IDX,22/12/2023,09:13:40,47837.75,0,0,0,0,0,0
NIFTY BANK.NSE_IDX,22/12/2023,09:13:41,47837.75,0,0,0,0,0,0
NIFTY BANK.NSE_IDX,22/12/2023,09:13:42,47837.75,0,0,0,0,0,0
NIFTY BANK.NSE_IDX,22/12/2023,09:13:43,47837.75,0,0,0,0,0,0
NIFTY BANK.NSE_IDX,22/12/2023,09:13:44,47837.75,0,0,0,0,0,0
NIFTY BANK.NSE_IDX,22/12/2023,09:13:45,47837.75,0,0,0,0,0,0
NIFTY BANK.NSE_IDX,22/12/2023,09:13:46,47837.75,0,0,0,0,0,0
NIFTY BANK.NSE_IDX,22/12/2023,09:13:47,47837.75,0,0,0,0,0,0
NIFTY BANK.NSE_IDX,22/12/2023,09:13:48,47837.75,0,0,0,0,0,0
NIFTY BANK.NSE_IDX,22/12/2023,09:13:49,47837.75,0,0,0,0,0,0
NIFTY BANK.NSE_IDX,22/12/2023,09:13:50,47837.75,0,0,0,0,0,0
NIFTY BANK.NSE_IDX,22/12/2023,09:13:51,47837.75,0,0,0,0,0,0
NIFTY BANK.NSE_IDX,22/12/2023,09:13:52,47837.75,0,0,0,0,0,0
NIFTY BANK.NSE_IDX,22/12/2023,09:13:53,47837.75,0,0,0,0,0,0
NIFTY BANK.NSE_IDX,22/12/2023,09:13:54,47837.75,0,0,0,0,0,0
NIFTY BANK.NSE_IDX,22/12/2023,09:13:55,47837.75,0,0,0,0,0,0
NIFTY BANK.NSE_IDX,22/12/2023,09:13:56,47837.75,0,0,0,0,0,0
NIFTY BANK.NSE_IDX,22/12/2023,09:13:57,47837.75,0,0,0,0,0,0
NIFTY BANK.NSE_IDX,22/12/2023,09:13:58,47837.75,0,0,0,0,0,0
NIFTY BANK.NSE_IDX,22/12/2023,09:13:59,47837.75,0,0,0,0,0,0
NIFTY BANK.NSE_IDX,22/12/2023,09:14:00,47837.75,0,0,0,0,0,0
NIFTY BANK.NSE_IDX,22/12/2023,09:14:01,47837.75,0,0,0,0,0,0
NIFTY BANK.NSE_IDX,22/12/2023,09:14:02,47837.75,0,0,0,0,0,0
NIFTY BANK.NSE_IDX,22/12/2023,09:14:03,47837.75,0,0,0,0,0,0
NIFTY BANK.NSE_IDX,22/12/2023,09:14:04,47837.75,0,0,0,0,0,0
NIFTY BANK.NSE_IDX,22/12/2023,09:14:05,47837.75,0,0,0,0,0,0
NIFTY BANK.NSE_IDX,22/12/2023,09:14:06,47837.75,0,0,0,0,0,0
NIFTY BANK.NSE_IDX,22/12/2023,09:14:07,47837.75,0,0,0,0,0,0
NIFTY BANK.NSE_IDX,22/12/2023,09:14:08,47837.75,0,0,0,0,0,0
NIFTY BANK.NSE_IDX,22/12/2023,09:14:09,47837.75,0,0,0,0,0,0
NIFTY BANK.NSE_IDX,22/12/2023,09:14:10,47837.75,0,0,0,0,0,0
NIFTY BANK.NSE_IDX,22/12/2023,09:14:11,47837.75,0,0,0,0,0,0
NIFTY BANK.NSE_IDX,22/12/2023,09:14:12,47837.75,0,0,0,0,0,0
NIFTY BANK.NSE_IDX,22/12/2023,09:14:13,47837.75,0,0,0,0,0,0
NIFTY BANK.NSE_IDX,22/12/2023,09:14:14,47837.75,0,0,0,0,0,0
NIFTY BANK.NSE_IDX,22/12/2023,09:14:15,47837.75,0,0,0,0,0,0
NIFTY BANK.NSE_IDX,22/12/2023,09:14:16,47837.75,0,0,0,0,0,0
NIFTY BANK.NSE_IDX,22/12/2023,09:14:17,47837.75,0,0,0,0,0,0
NIFTY BANK.NSE_IDX,22/12/2023,09:14:18,47837.75,0,0,0,0,0,0
NIFTY BANK.NSE_IDX,22/12/2023,09:14:19,47837.75,0,0,0,0,0,0
NIFTY BANK.NSE_IDX,22/12/2023,09:14:20,47837.75,0,0,0,0,0,0
NIFTY BANK.NSE_IDX,22/12/2023,09:14:21,47837.75,0,0,0,0,0,0
NIFTY BANK.NSE_IDX,22/12/2023,09:14:22,47837.75,0,0,0,0,0,0
NIFTY BANK.NSE_IDX,22/12/2023,09:14:23,47837.75,0,0,0,0,0,0
NIFTY BANK.NSE_IDX,22/12/2023,09:14:24,47837.75,0,0,0,0,0,0
NIFTY BANK.NSE_IDX,22/12/2023,09:14:25,47837.75,0,0,0,0,0,0
NIFTY BANK.NSE_IDX,22/12/2023,09:14:26,47837.75,0,0,0,0,0,0
NIFTY BANK.NSE_IDX,22/12/2023,09:14:27,47837.75,0,0,0,0,0,0
NIFTY BANK.NSE_IDX,22/12/2023,09:14:28,47837.75,0,0,0,0,0,0
NIFTY BANK.NSE_IDX,22/12/2023,09:14:29,47837.75,0,0,0,0,0,0
NIFTY BANK.NSE_IDX,22/12/2023,09:14:30,47837.75,0,0,0,0,0,0
NIFTY BANK.NSE_IDX,22/12/2023,09:14:31,47837.75,0,0,0,0,0,0
NIFTY BANK.NSE_IDX,22/12/2023,09:14:32,47837.75,0,0,0,0,0,0
NIFTY BANK.NSE_IDX,22/12/2023,09:14:33,47837.75,0,0,0,0,0,0
NIFTY BANK.NSE_IDX,22/12/2023,09:14:34,47837.75,0,0,0,0,0,0
NIFTY BANK.NSE_IDX,22/12/2023,09:14:35,47837.75,0,0,0,0,0,0
NIFTY BANK.NSE_IDX,22/12/2023,09:14:36,47837.75,0,0,0,0,0,0
NIFTY BANK.NSE_IDX,22/12/2023,09:14:37,47837.75,0,0,0,0,0,0
NIFTY BANK.NSE_IDX,22/12/2023,09:14:38,47837.75,0,0,0,0,0,0
NIFTY BANK.NSE_IDX,22/12/2023,09:14:39,47837.75,0,0,0,0,0,0
NIFTY BANK.NSE_IDX,22/12/2023,09:14:40,47837.75,0,0,0,0,0,0
NIFTY BANK.NSE_IDX,22/12/2023,09:14:41,47837.75,0,0,0,0,0,0
NIFTY BANK.NSE_IDX,22/12/2023,09:14:42,47837.75,0,0,0,0,0,0
NIFTY BANK.NSE_IDX,22/12/2023,09:14:43,47837.75,0,0,0,0,0,0
NIFTY BANK.NSE_IDX,22/12/2023,09:14:44,47837.75,0,0,0,0,0,0
NIFTY BANK.NSE_IDX,22/12/2023,09:14:45,47837.75,0,0,0,0,0,0
NIFTY BANK.NSE_IDX,22/12/2023,09:14:46,47837.75,0,0,0,0,0,0
NIFTY BANK.NSE_IDX,22/12/2023,09:14:47,47837.75,0,0,0,0,0,0
NIFTY BANK.NSE_IDX,22/12/2023,09:14:48,47837.75,0,0,0,0,0,0
NIFTY BANK.NSE_IDX,22/12/2023,09:14:49,47837.75,0,0,0,0,0,0
NIFTY BANK.NSE_IDX,22/12/2023,09:14:50,47837.75,0,0,0,0,0,0
NIFTY BANK.NSE_IDX,22/12/2023,09:14:51,47837.75,0,0,0,0,0,0
NIFTY BANK.NSE_IDX,22/12/2023,09:14:52,47837.75,0,0,0,0,0,0
NIFTY BANK.NSE_IDX,22/12/2023,09:14:53,47837.75,0,0,0,0,0,0
NIFTY BANK.NSE_IDX,22/12/2023,09:14:54,47837.75,0,0,0,0,0,0
NIFTY BANK.NSE_IDX,22/12/2023,09:14:55,47837.75,0,0,0,0,0,0
NIFTY BANK.NSE_IDX,22/12/2023,09:14:56,47837.75,0,0,0,0,0,0
NIFTY BANK.NSE_IDX,22/12/2023,09:14:57,47837.75,0,0,0,0,0,0
NIFTY BANK.NSE_IDX,22/12/2023,09:14:58,47837.75,0,0,0,0,0,0
NIFTY BANK.NSE_IDX,22/12/2023,09:14:59,47837.75,0,0,0,0,0,0
NIFTY BANK.NSE_IDX,22/12/2023,09:15:00,47837.75,0,0,0,0,0,0
NIFTY BANK.NSE_IDX,22/12/2023,09:15:01,47824.2,0,0,0,0,0,0
NIFTY BANK.NSE_IDX,22/12/2023,09:15:01,47852.6,0,0,0,0,0,0
NIFTY BANK.NSE_IDX,22/12/2023,09:15:01,47805.55,0,0,0,0,0,0
NIFTY BANK.NSE_IDX,22/12/2023,09:15:02,47853.6,0,0,0,0,0,0
NIFTY BANK.NSE_IDX,22/12/2023,09:15:02,47854.55,0,0,0,0,0,0
NIFTY BANK.NSE_IDX,22/12/2023,09:15:03,47863.45,0,0,0,0,0,0
NIFTY BANK.NSE_IDX,22/12/2023,09:15:03,47868.35,0,0,0,0,0,0
NIFTY BANK.NSE_IDX,22/12/2023,09:15:04,47853.25,0,0,0,0,0,0
NIFTY BANK.NSE_IDX,22/12/2023,09:15:04,47869.2,0,0,0,0,0,0
NIFTY BANK.NSE_IDX,22/12/2023,09:15:05,47857.75,0,0,0,0,0,0
NIFTY BANK.NSE_IDX,22/12/2023,09:15:06,47832.95,0,0,0,0,0,0
NIFTY BANK.NSE_IDX,22/12/2023,09:15:07,47830.65,0,0,0,0,0,0
NIFTY BANK.NSE_IDX,22/12/2023,09:15:08,47833.25,0,0,0,0,0,0
NIFTY BANK.NSE_IDX,22/12/2023,09:15:09,47824.3,0,0,0,0,0,0
NIFTY BANK.NSE_IDX,22/12/2023,09:15:10,47833.85,0,0,0,0,0,0
NIFTY BANK.NSE_IDX,22/12/2023,09:15:11,47824.5,0,0,0,0,0,0
NIFTY BANK.NSE_IDX,22/12/2023,09:15:12,47800,0,0,0,0,0,0
NIFTY BANK.NSE_IDX,22/12/2023,09:15:12,47799.55,0,0,0,0,0,0
NIFTY BANK.NSE_IDX,22/12/2023,09:15:13,47792.5,0,0,0,0,0,0
NIFTY BANK.NSE_IDX,22/12/2023,09:15:13,47788.85,0,0,0,0,0,0
NIFTY BANK.NSE_IDX,22/12/2023,09:15:14,47795.35,0,0,0,0,0,0
NIFTY BANK.NSE_IDX,22/12/2023,09:15:14,47783,0,0,0,0,0,0
NIFTY BANK.NSE_IDX,22/12/2023,09:15:15,47795.1,0,0,0,0,0,0
NIFTY BANK.NSE_IDX,22/12/2023,09:15:15,47775.95,0,0,0,0,0,0
NIFTY BANK.NSE_IDX,22/12/2023,09:15:16,47799.35,0,0,0,0,0,0
NIFTY BANK.NSE_IDX,22/12/2023,09:15:17,47810.75,0,0,0,0,0,0
NIFTY BANK.NSE_IDX,22/12/2023,09:15:18,47789.5,0,0,0,0,0,0
NIFTY BANK.NSE_IDX,22/12/2023,09:15:19,47793.5,0,0,0,0,0,0
NIFTY BANK.NSE_IDX,22/12/2023,09:15:19,47775.1,0,0,0,0,0,0
NIFTY BANK.NSE_IDX,22/12/2023,09:15:20,47783.45,0,0,0,0,0,0
NIFTY BANK.NSE_IDX,22/12/2023,09:15:21,47793.3,0,0,0,0,0,0
NIFTY BANK.NSE_IDX,22/12/2023,09:15:22,47793.1,0,0,0,0,0,0
NIFTY BANK.NSE_IDX,22/12/2023,09:15:23,47791.65,0,0,0,0,0,0
NIFTY BANK.NSE_IDX,22/12/2023,09:15:24,47798.65,0,0,0,0,0,0
NIFTY BANK.NSE_IDX,22/12/2023,09:15:25,47797.1,0,0,0,0,0,0
NIFTY BANK.NSE_IDX,22/12/2023,09:15:26,47776,0,0,0,0,0,0
NIFTY BANK.NSE_IDX,22/12/2023,09:15:27,47795.1,0,0,0,0,0,0
NIFTY BANK.NSE_IDX,22/12/2023,09:15:27,47771.65,0,0,0,0,0,0
NIFTY BANK.NSE_IDX,22/12/2023,09:15:28,47797.8,0,0,0,0,0,0
NIFTY BANK.NSE_IDX,22/12/2023,09:15:29,47805.15,0,0,0,0,0,0
NIFTY BANK.NSE_IDX,22/12/2023,09:15:30,47799.8,0,0,0,0,0,0
NIFTY BANK.NSE_IDX,22/12/2023,09:15:31,47792.05,0,0,0,0,0,0
NIFTY BANK.NSE_IDX,22/12/2023,09:15:32,47790.85,0,0,0,0,0,0
NIFTY BANK.NSE_IDX,22/12/2023,09:15:33,47806.95,0,0,0,0,0,0
NIFTY BANK.NSE_IDX,22/12/2023,09:15:34,47810.9,0,0,0,0,0,0
NIFTY BANK.NSE_IDX,22/12/2023,09:15:35,47805.35,0,0,0,0,0,0
NIFTY BANK.NSE_IDX,22/12/2023,09:15:36,47795.25,0,0,0,0,0,0
NIFTY BANK.NSE_IDX,22/12/2023,09:15:37,47793.4,0,0,0,0,0,0
NIFTY BANK.NSE_IDX,22/12/2023,09:15:38,47794.6,0,0,0,0,0,0
NIFTY BANK.NSE_IDX,22/12/2023,09:15:39,47791.15,0,0,0,0,0,0
NIFTY BANK.NSE_IDX,22/12/2023,09:15:40,47784.05,0,0,0,0,0,0
NIFTY BANK.NSE_IDX,22/12/2023,09:15:41,47784.5,0,0,0,0,0,0
NIFTY BANK.NSE_IDX,22/12/2023,09:15:42,47787.7,0,0,0,0,0,0
NIFTY BANK.NSE_IDX,22/12/2023,09:15:43,47785.15,0,0,0,0,0,0
NIFTY BANK.NSE_IDX,22/12/2023,09:15:44,47779.1,0,0,0,0,0,0
NIFTY BANK.NSE_IDX,22/12/2023,09:15:45,47791.35,0,0,0,0,0,0
NIFTY BANK.NSE_IDX,22/12/2023,09:15:46,47785.1,0,0,0,0,0,0
NIFTY BANK.NSE_IDX,22/12/2023,09:15:47,47791.65,0,0,0,0,0,0
NIFTY BANK.NSE_IDX,22/12/2023,09:15:48,47797.4,0,0,0,0,0,0
NIFTY BANK.NSE_IDX,22/12/2023,09:15:49,47803.35,0,0,0,0,0,0
NIFTY BANK.NSE_IDX,22/12/2023,09:15:50,47804.15,0,0,0,0,0,0
NIFTY BANK.NSE_IDX,22/12/2023,09:15:51,47810.6,0,0,0,0,0,0
NIFTY BANK.NSE_IDX,22/12/2023,09:15:52,47803,0,0,0,0,0,0
NIFTY BANK.NSE_IDX,22/12/2023,09:15:53,47801.8,0,0,0,0,0,0
NIFTY BANK.NSE_IDX,22/12/2023,09:15:54,47799.65,0,0,0,0,0,0
NIFTY BANK.NSE_IDX,22/12/2023,09:15:55,47816.3,0,0,0,0,0,0
NIFTY BANK.NSE_IDX,22/12/2023,09:15:56,47827.55,0,0,0,0,0,0
NIFTY BANK.NSE_IDX,22/12/2023,09:15:57,47822.45,0,0,0,0,0,0
NIFTY BANK.NSE_IDX,22/12/2023,09:15:58,47815.5,0,0,0,0,0,0
NIFTY BANK.NSE_IDX,22/12/2023,09:15:59,47822.95,0,0,0,0,0,0
NIFTY BANK.NSE_IDX,22/12/2023,09:16:00,47820.4,0,0,0,0,0,0
NIFTY BANK.NSE_IDX,22/12/2023,09:16:01,47820.35,0,0,0,0,0,0
NIFTY BANK.NSE_IDX,22/12/2023,09:16:02,47815.65,0,0,0,0,0,0
NIFTY BANK.NSE_IDX,22/12/2023,09:16:03,47819.7,0,0,0,0,0,0
NIFTY BANK.NSE_IDX,22/12/2023,09:16:04,47811.4,0,0,0,0,0,0
NIFTY BANK.NSE_IDX,22/12/2023,09:16:05,47812.1,0,0,0,0,0,0
NIFTY BANK.NSE_IDX,22/12/2023,09:16:06,47812.95,0,0,0,0,0,0
NIFTY BANK.NSE_IDX,22/12/2023,09:16:07,47811.05,0,0,0,0,0,0
NIFTY BANK.NSE_IDX,22/12/2023,09:16:08,47800.8,0,0,0,0,0,0
NIFTY BANK.NSE_IDX,22/12/2023,09:16:09,47800.05,0,0,0,0,0,0
NIFTY BANK.NSE_IDX,22/12/2023,09:16:10,47798.65,0,0,0,0,0,0
NIFTY BANK.NSE_IDX,22/12/2023,09:16:11,47792.55,0,0,0,0,0,0
NIFTY BANK.NSE_IDX,22/12/2023,09:16:12,47802.95,0,0,0,0,0,0
NIFTY BANK.NSE_IDX,22/12/2023,09:16:13,47800.3,0,0,0,0,0,0
NIFTY BANK.NSE_IDX,22/12/2023,09:16:14,47801.7,0,0,0,0,0,0
NIFTY BANK.NSE_IDX,22/12/2023,09:16:15,47807.45,0,0,0,0,0,0
NIFTY BANK.NSE_IDX,22/12/2023,09:16:16,47804.9,0,0,0,0,0,0
NIFTY BANK.NSE_IDX,22/12/2023,09:16:17,47799.45,0,0,0,0,0,0
NIFTY BANK.NSE_IDX,22/12/2023,09:16:18,47809.2,0,0,0,0,0,0
NIFTY BANK.NSE_IDX,22/12/2023,09:16:19,47811.2,0,0,0,0,0,0
NIFTY BANK.NSE_IDX,22/12/2023,09:16:20,47813.8,0,0,0,0,0,0
NIFTY BANK.NSE_IDX,22/12/2023,09:16:21,47815,0,0,0,0,0,0
NIFTY BANK.NSE_IDX,22/12/2023,09:16:22,47822.85,0,0,0,0,0,0
NIFTY BANK.NSE_IDX,22/12/2023,09:16:23,47815.45,0,0,0,0,0,0
NIFTY BANK.NSE_IDX,22/12/2023,09:16:24,47811,0,0,0,0,0,0
NIFTY BANK.NSE_IDX,22/12/2023,09:16:25,47825.5,0,0,0,0,0,0
NIFTY BANK.NSE_IDX,22/12/2023,09:16:26,47823.9,0,0,0,0,0,0
NIFTY BANK.NSE_IDX,22/12/2023,09:16:27,47825.85,0,0,0,0,0,0
NIFTY BANK.NSE_IDX,22/12/2023,09:16:28,47831.15,0,0,0,0,0,0
NIFTY BANK.NSE_IDX,22/12/2023,09:16:29,47834.15,0,0,0,0,0,0
NIFTY BANK.NSE_IDX,22/12/2023,09:16:30,47827.35,0,0,0,0,0,0
NIFTY BANK.NSE_IDX,22/12/2023,09:16:31,47824.3,0,0,0,0,0,0
NIFTY BANK.NSE_IDX,22/12/2023,09:16:32,47827.6,0,0,0,0,0,0
NIFTY BANK.NSE_IDX,22/12/2023,09:16:33,47823.55,0,0,0,0,0,0
NIFTY BANK.NSE_IDX,22/12/2023,09:16:34,47822.95,0,0,0,0,0,0
NIFTY BANK.NSE_IDX,22/12/2023,09:16:35,47815,0,0,0,0,0,0
NIFTY BANK.NSE_IDX,22/12/2023,09:16:36,47812.5,0,0,0,0,0,0
NIFTY BANK.NSE_IDX,22/12/2023,09:16:37,47815,0,0,0,0,0,0
NIFTY BANK.NSE_IDX,22/12/2023,09:16:38,47818.7,0,0,0,0,0,0
NIFTY BANK.NSE_IDX,22/12/2023,09:16:39,47818.35,0,0,0,0,0,0
NIFTY BANK.NSE_IDX,22/12/2023,09:16:40,47818.9,0,0,0,0,0,0
NIFTY BANK.NSE_IDX,22/12/2023,09:16:41,47823.85,0,0,0,0,0,0
NIFTY BANK.NSE_IDX,22/12/2023,09:16:42,47824,0,0,0,0,0,0
NIFTY BANK.NSE_IDX,22/12/2023,09:16:43,47821.6,0,0,0,0,0,0
NIFTY BANK.NSE_IDX,22/12/2023,09:16:44,47826.2,0,0,0,0,0,0
NIFTY BANK.NSE_IDX,22/12/2023,09:16:45,47821.25,0,0,0,0,0,0
NIFTY BANK.NSE_IDX,22/12/2023,09:16:46,47823.9,0,0,0,0,0,0
NIFTY BANK.NSE_IDX,22/12/2023,09:16:47,47814.9,0,0,0,0,0,0
NIFTY BANK.NSE_IDX,22/12/2023,09:16:48,47828.95,0,0,0,0,0,0
NIFTY BANK.NSE_IDX,22/12/2023,09:16:49,47830.3,0,0,0,0,0,0
NIFTY BANK.NSE_IDX,22/12/2023,09:16:50,47843.65,0,0,0,0,0,0
NIFTY BANK.NSE_IDX,22/12/2023,09:16:51,47828.85,0,0,0,0,0,0
NIFTY BANK.NSE_IDX,22/12/2023,09:16:52,47834.95,0,0,0,0,0,0
NIFTY BANK.NSE_IDX,22/12/2023,09:16:53,47832.05,0,0,0,0,0,0
NIFTY BANK.NSE_IDX,22/12/2023,09:16:54,47837.7,0,0,0,0,0,0
NIFTY BANK.NSE_IDX,22/12/2023,09:16:55,47829.5,0,0,0,0,0,0
NIFTY BANK.NSE_IDX,22/12/2023,09:16:56,47833.25,0,0,0,0,0,0
NIFTY BANK.NSE_IDX,22/12/2023,09:16:57,47827.6,0,0,0,0,0,0
NIFTY BANK.NSE_IDX,22/12/2023,09:16:58,47827.95,0,0,0,0,0,0
NIFTY BANK.NSE_IDX,22/12/2023,09:16:59,47827.15,0,0,0,0,0,0
NIFTY BANK.NSE_IDX,22/12/2023,09:17:00,47828.2,0,0,0,0,0,0
NIFTY BANK.NSE_IDX,22/12/2023,09:17:01,47826.05,0,0,0,0,0,0
NIFTY BANK.NSE_IDX,22/12/2023,09:17:02,47827.95,0,0,0,0,0,0
NIFTY BANK.NSE_IDX,22/12/2023,09:17:03,47832.4,0,0,0,0,0,0
NIFTY BANK.NSE_IDX,22/12/2023,09:17:04,47838.65,0,0,0,0,0,0
NIFTY BANK.NSE_IDX,22/12/2023,09:17:05,47845.4,0,0,0,0,0,0
NIFTY BANK.NSE_IDX,22/12/2023,09:17:06,47834.95,0,0,0,0,0,0
NIFTY BANK.NSE_IDX,22/12/2023,09:17:07,47845.35,0,0,0,0,0,0
NIFTY BANK.NSE_IDX,22/12/2023,09:17:08,47841.35,0,0,0,0,0,0
NIFTY BANK.NSE_IDX,22/12/2023,09:17:09,47828.75,0,0,0,0,0,0
NIFTY BANK.NSE_IDX,22/12/2023,09:17:10,47830.7,0,0,0,0,0,0
NIFTY BANK.NSE_IDX,22/12/2023,09:17:11,47837.1,0,0,0,0,0,0
NIFTY BANK.NSE_IDX,22/12/2023,09:17:12,47828.05,0,0,0,0,0,0
NIFTY BANK.NSE_IDX,22/12/2023,09:17:13,47835.3,0,0,0,0,0,0
NIFTY BANK.NSE_IDX,22/12/2023,09:17:14,47832.4,0,0,0,0,0,0
NIFTY BANK.NSE_IDX,22/12/2023,09:17:15,47829.75,0,0,0,0,0,0
NIFTY BANK.NSE_IDX,22/12/2023,09:17:16,47831,0,0,0,0,0,0
NIFTY BANK.NSE_IDX,22/12/2023,09:17:17,47834.8,0,0,0,0,0,0
NIFTY BANK.NSE_IDX,22/12/2023,09:17:18,47829.6,0,0,0,0,0,0
NIFTY BANK.NSE_IDX,22/12/2023,09:17:19,47827,0,0,0,0,0,0
NIFTY BANK.NSE_IDX,22/12/2023,09:17:20,47826.6,0,0,0,0,0,0
NIFTY BANK.NSE_IDX,22/12/2023,09:17:21,47833.7,0,0,0,0,0,0
NIFTY BANK.NSE_IDX,22/12/2023,09:17:22,47829.15,0,0,0,0,0,0
NIFTY BANK.NSE_IDX,22/12/2023,09:17:23,47832.25,0,0,0,0,0,0
NIFTY BANK.NSE_IDX,22/12/2023,09:17:24,47831.35,0,0,0,0,0,0
NIFTY BANK.NSE_IDX,22/12/2023,09:17:25,47838.55,0,0,0,0,0,0
NIFTY BANK.NSE_IDX,22/12/2023,09:17:26,47838.05,0,0,0,0,0,0
NIFTY BANK.NSE_IDX,22/12/2023,09:17:27,47838.2,0,0,0,0,0,0
NIFTY BANK.NSE_IDX,22/12/2023,09:17:28,47839.75,0,0,0,0,0,0
NIFTY BANK.NSE_IDX,22/12/2023,09:17:29,47848.5,0,0,0,0,0,0
NIFTY BANK.NSE_IDX,22/12/2023,09:17:30,47842.3,0,0,0,0,0,0
NIFTY BANK.NSE_IDX,22/12/2023,09:17:31,47843.4,0,0,0,0,0,0
NIFTY BANK.NSE_IDX,22/12/2023,09:17:32,47842.1,0,0,0,0,0,0
NIFTY BANK.NSE_IDX,22/12/2023,09:17:33,47853.25,0,0,0,0,0,0
NIFTY BANK.NSE_IDX,22/12/2023,09:17:34,47848.2,0,0,0,0,0,0
NIFTY BANK.NSE_IDX,22/12/2023,09:17:35,47851.1,0,0,0,0,0,0
NIFTY BANK.NSE_IDX,22/12/2023,09:17:36,47854.55,0,0,0,0,0,0
NIFTY BANK.NSE_IDX,22/12/2023,09:17:37,47846.05,0,0,0,0,0,0
NIFTY BANK.NSE_IDX,22/12/2023,09:17:38,47853.05,0,0,0,0,0,0
NIFTY BANK.NSE_IDX,22/12/2023,09:17:39,47848.3,0,0,0,0,0,0
NIFTY BANK.NSE_IDX,22/12/2023,09:17:40,47854.15,0,0,0,0,0,0
NIFTY BANK.NSE_IDX,22/12/2023,09:17:41,47861.95,0,0,0,0,0,0
NIFTY BANK.NSE_IDX,22/12/2023,09:17:42,47852.4,0,0,0,0,0,0
NIFTY BANK.NSE_IDX,22/12/2023,09:17:43,47853.95,0,0,0,0,0,0
NIFTY BANK.NSE_IDX,22/12/2023,09:17:44,47859.25,0,0,0,0,0,0
NIFTY BANK.NSE_IDX,22/12/2023,09:17:45,47863.1,0,0,0,0,0,0
NIFTY BANK.NSE_IDX,22/12/2023,09:17:46,47852.8,0,0,0,0,0,0
NIFTY BANK.NSE_IDX,22/12/2023,09:17:47,47851.45,0,0,0,0,0,0
NIFTY BANK.NSE_IDX,22/12/2023,09:17:48,47851.35,0,0,0,0,0,0
NIFTY BANK.NSE_IDX,22/12/2023,09:17:49,47847.7,0,0,0,0,0,0
NIFTY BANK.NSE_IDX,22/12/2023,09:17:50,47846.85,0,0,0,0,0,0
NIFTY BANK.NSE_IDX,22/12/2023,09:17:51,47850.2,0,0,0,0,0,0
NIFTY BANK.NSE_IDX,22/12/2023,09:17:52,47857.2,0,0,0,0,0,0
NIFTY BANK.NSE_IDX,22/12/2023,09:17:53,47851.45,0,0,0,0,0,0
NIFTY BANK.NSE_IDX,22/12/2023,09:17:54,47837.8,0,0,0,0,0,0
NIFTY BANK.NSE_IDX,22/12/2023,09:17:55,47845.7,0,0,0,0,0,0
NIFTY BANK.NSE_IDX,22/12/2023,09:17:56,47849.7,0,0,0,0,0,0
NIFTY BANK.NSE_IDX,22/12/2023,09:17:57,47844.85,0,0,0,0,0,0
NIFTY BANK.NSE_IDX,22/12/2023,09:17:58,47850.75,0,0,0,0,0,0
NIFTY BANK.NSE_IDX,22/12/2023,09:17:59,47853.6,0,0,0,0,0,0
NIFTY BANK.NSE_IDX,22/12/2023,09:18:00,47839.45,0,0,0,0,0,0
NIFTY BANK.NSE_IDX,22/12/2023,09:18:01,47848.95,0,0,0,0,0,0
NIFTY BANK.NSE_IDX,22/12/2023,09:18:02,47847.35,0,0,0,0,0,0
NIFTY BANK.NSE_IDX,22/12/2023,09:18:03,47854.2,0,0,0,0,0,0
NIFTY BANK.NSE_IDX,22/12/2023,09:18:04,47856.05,0,0,0,0,0,0
NIFTY BANK.NSE_IDX,22/12/2023,09:18:05,47850.25,0,0,0,0,0,0
NIFTY BANK.NSE_IDX,22/12/2023,09:18:06,47847.05,0,0,0,0,0,0
NIFTY BANK.NSE_IDX,22/12/2023,09:18:07,47846.65,0,0,0,0,0,0
NIFTY BANK.NSE_IDX,22/12/2023,09:18:08,47842.55,0,0,0,0,0,0
NIFTY BANK.NSE_IDX,22/12/2023,09:18:09,47848.4,0,0,0,0,0,0
NIFTY BANK.NSE_IDX,22/12/2023,09:18:10,47843.5,0,0,0,0,0,0
NIFTY BANK.NSE_IDX,22/12/2023,09:18:11,47841.5,0,0,0,0,0,0
NIFTY BANK.NSE_IDX,22/12/2023,09:18:12,47843.3,0,0,0,0,0,0
NIFTY BANK.NSE_IDX,22/12/2023,09:18:13,47841.85,0,0,0,0,0,0
NIFTY BANK.NSE_IDX,22/12/2023,09:18:14,47844.9,0,0,0,0,0,0
NIFTY BANK.NSE_IDX,22/12/2023,09:18:15,47854.4,0,0,0,0,0,0
NIFTY BANK.NSE_IDX,22/12/2023,09:18:16,47847.9,0,0,0,0,0,0
NIFTY BANK.NSE_IDX,22/12/2023,09:18:17,47850.8,0,0,0,0,0,0
NIFTY BANK.NSE_IDX,22/12/2023,09:18:18,47845.4,0,0,0,0,0,0
NIFTY BANK.NSE_IDX,22/12/2023,09:18:19,47845,0,0,0,0,0,0
NIFTY BANK.NSE_IDX,22/12/2023,09:18:20,47846.25,0,0,0,0,0,0
NIFTY BANK.NSE_IDX,22/12/2023,09:18:21,47846,0,0,0,0,0,0
NIFTY BANK.NSE_IDX,22/12/2023,09:18:22,47848.8,0,0,0,0,0,0
NIFTY BANK.NSE_IDX,22/12/2023,09:18:23,47853.05,0,0,0,0,0,0
NIFTY BANK.NSE_IDX,22/12/2023,09:18:24,47853.2,0,0,0,0,0,0
NIFTY BANK.NSE_IDX,22/12/2023,09:18:25,47847.25,0,0,0,0,0,0
NIFTY BANK.NSE_IDX,22/12/2023,09:18:26,47852.3,0,0,0,0,0,0
NIFTY BANK.NSE_IDX,22/12/2023,09:18:27,47850.6,0,0,0,0,0,0
NIFTY BANK.NSE_IDX,22/12/2023,09:18:28,47853.05,0,0,0,0,0,0
NIFTY BANK.NSE_IDX,22/12/2023,09:18:29,47852.15,0,0,0,0,0,0
NIFTY BANK.NSE_IDX,22/12/2023,09:18:30,47852.45,0,0,0,0,0,0
NIFTY BANK.NSE_IDX,22/12/2023,09:18:31,47855.3,0,0,0,0,0,0
NIFTY BANK.NSE_IDX,22/12/2023,09:18:32,47851.25,0,0,0,0,0,0
NIFTY BANK.NSE_IDX,22/12/2023,09:18:33,47855.55,0,0,0,0,0,0
NIFTY BANK.NSE_IDX,22/12/2023,09:18:34,47860.15,0,0,0,0,0,0
NIFTY BANK.NSE_IDX,22/12/2023,09:18:35,47852.2,0,0,0,0,0,0
NIFTY BANK.NSE_IDX,22/12/2023,09:18:36,47855.25,0,0,0,0,0,0
NIFTY BANK.NSE_IDX,22/12/2023,09:18:37,47849.2,0,0,0,0,0,0
NIFTY BANK.NSE_IDX,22/12/2023,09:18:38,47855.95,0,0,0,0,0,0
NIFTY BANK.NSE_IDX,22/12/2023,09:18:39,47852.5,0,0,0,0,0,0
NIFTY BANK.NSE_IDX,22/12/2023,09:18:40,47853,0,0,0,0,0,0
NIFTY BANK.NSE_IDX,22/12/2023,09:18:41,47852.75,0,0,0,0,0,0
NIFTY BANK.NSE_IDX,22/12/2023,09:18:42,47839.65,0,0,0,0,0,0
NIFTY BANK.NSE_IDX,22/12/2023,09:18:43,47834.5,0,0,0,0,0,0
NIFTY BANK.NSE_IDX,22/12/2023,09:18:44,47830.55,0,0,0,0,0,0
NIFTY BANK.NSE_IDX,22/12/2023,09:18:45,47834.95,0,0,0,0,0,0
NIFTY BANK.NSE_IDX,22/12/2023,09:18:46,47828,0,0,0,0,0,0
NIFTY BANK.NSE_IDX,22/12/2023,09:18:47,47828.65,0,0,0,0,0,0
NIFTY BANK.NSE_IDX,22/12/2023,09:18:48,47834.5,0,0,0,0,0,0
NIFTY BANK.NSE_IDX,22/12/2023,09:18:49,47828.8,0,0,0,0,0,0
NIFTY BANK.NSE_IDX,22/12/2023,09:18:50,47824.9,0,0,0,0,0,0
NIFTY BANK.NSE_IDX,22/12/2023,09:18:51,47829.75,0,0,0,0,0,0
NIFTY BANK.NSE_IDX,22/12/2023,09:18:52,47837.2,0,0,0,0,0,0
NIFTY BANK.NSE_IDX,22/12/2023,09:18:53,47831.8,0,0,0,0,0,0
NIFTY BANK.NSE_IDX,22/12/2023,09:18:54,47833,0,0,0,0,0,0
NIFTY BANK.NSE_IDX,22/12/2023,09:18:55,47827.95,0,0,0,0,0,0
NIFTY BANK.NSE_IDX,22/12/2023,09:18:56,47840.15,0,0,0,0,0,0
NIFTY BANK.NSE_IDX,22/12/2023,09:18:57,47841,0,0,0,0,0,0
NIFTY BANK.NSE_IDX,22/12/2023,09:18:58,47833.3,0,0,0,0,0,0
NIFTY BANK.NSE_IDX,22/12/2023,09:18:59,47831.55,0,0,0,0,0,0
NIFTY BANK.NSE_IDX,22/12/2023,09:19:00,47839.05,0,0,0,0,0,0
NIFTY BANK.NSE_IDX,22/12/2023,09:19:01,47833.95,0,0,0,0,0,0
NIFTY BANK.NSE_IDX,22/12/2023,09:19:02,47835.4,0,0,0,0,0,0
NIFTY BANK.NSE_IDX,22/12/2023,09:19:03,47844,0,0,0,0,0,0
NIFTY BANK.NSE_IDX,22/12/2023,09:19:04,47855.95,0,0,0,0,0,0
NIFTY BANK.NSE_IDX,22/12/2023,09:19:05,47850.7,0,0,0,0,0,0
NIFTY BANK.NSE_IDX,22/12/2023,09:19:06,47847.05,0,0,0,0,0,0
NIFTY BANK.NSE_IDX,22/12/2023,09:19:07,47849.7,0,0,0,0,0,0
NIFTY BANK.NSE_IDX,22/12/2023,09:19:08,47841.15,0,0,0,0,0,0
NIFTY BANK.NSE_IDX,22/12/2023,09:19:09,47843.85,0,0,0,0,0,0
NIFTY BANK.NSE_IDX,22/12/2023,09:19:10,47844.55,0,0,0,0,0,0
NIFTY BANK.NSE_IDX,22/12/2023,09:19:11,47837.4,0,0,0,0,0,0
NIFTY BANK.NSE_IDX,22/12/2023,09:19:12,47840,0,0,0,0,0,0
NIFTY BANK.NSE_IDX,22/12/2023,09:19:13,47841.1,0,0,0,0,0,0
NIFTY BANK.NSE_IDX,22/12/2023,09:19:14,47841.8,0,0,0,0,0,0
NIFTY BANK.NSE_IDX,22/12/2023,09:19:15,47836.7,0,0,0,0,0,0
NIFTY BANK.NSE_IDX,22/12/2023,09:19:16,47833,0,0,0,0,0,0
NIFTY BANK.NSE_IDX,22/12/2023,09:19:17,47831.95,0,0,0,0,0,0
NIFTY BANK.NSE_IDX,22/12/2023,09:19:18,47830.6,0,0,0,0,0,0
NIFTY BANK.NSE_IDX,22/12/2023,09:19:19,47830.3,0,0,0,0,0,0
NIFTY BANK.NSE_IDX,22/12/2023,09:19:20,47826.8,0,0,0,0,0,0
NIFTY BANK.NSE_IDX,22/12/2023,09:19:21,47825.5,0,0,0,0,0,0
NIFTY BANK.NSE_IDX,22/12/2023,09:19:22,47830,0,0,0,0,0,0
NIFTY BANK.NSE_IDX,22/12/2023,09:19:23,47827.6,0,0,0,0,0,0
NIFTY BANK.NSE_IDX,22/12/2023,09:19:24,47823.95,0,0,0,0,0,0
NIFTY BANK.NSE_IDX,22/12/2023,09:19:25,47831.15,0,0,0,0,0,0
NIFTY BANK.NSE_IDX,22/12/2023,09:19:26,47831.35,0,0,0,0,0,0
NIFTY BANK.NSE_IDX,22/12/2023,09:19:27,47827.5,0,0,0,0,0,0
NIFTY BANK.NSE_IDX,22/12/2023,09:19:28,47829.85,0,0,0,0,0,0
NIFTY BANK.NSE_IDX,22/12/2023,09:19:29,47834.35,0,0,0,0,0,0
NIFTY BANK.NSE_IDX,22/12/2023,09:19:30,47834.75,0,0,0,0,0,0
NIFTY BANK.NSE_IDX,22/12/2023,09:19:31,47835.15,0,0,0,0,0,0
NIFTY BANK.NSE_IDX,22/12/2023,09:19:32,47830.75,0,0,0,0,0,0
NIFTY BANK.NSE_IDX,22/12/2023,09:19:33,47834.3,0,0,0,0,0,0
NIFTY BANK.NSE_IDX,22/12/2023,09:19:34,47833.55,0,0,0,0,0,0
NIFTY BANK.NSE_IDX,22/12/2023,09:19:35,47828.4,0,0,0,0,0,0
NIFTY BANK.NSE_IDX,22/12/2023,09:19:36,47831.1,0,0,0,0,0,0
NIFTY BANK.NSE_IDX,22/12/2023,09:19:37,47826.8,0,0,0,0,0,0
NIFTY BANK.NSE_IDX,22/12/2023,09:19:38,47830,0,0,0,0,0,0
NIFTY BANK.NSE_IDX,22/12/2023,09:19:39,47829.65,0,0,0,0,0,0
NIFTY BANK.NSE_IDX,22/12/2023,09:19:40,47827.4,0,0,0,0,0,0
NIFTY BANK.NSE_IDX,22/12/2023,09:19:41,47824.15,0,0,0,0,0,0
NIFTY BANK.NSE_IDX,22/12/2023,09:19:42,47825.8,0,0,0,0,0,0
NIFTY BANK.NSE_IDX,22/12/2023,09:19:43,47823.4,0,0,0,0,0,0
NIFTY BANK.NSE_IDX,22/12/2023,09:19:44,47823.35,0,0,0,0,0,0
NIFTY BANK.NSE_IDX,22/12/2023,09:19:45,47821.75,0,0,0,0,0,0
NIFTY BANK.NSE_IDX,22/12/2023,09:19:46,47818.05,0,0,0,0,0,0
NIFTY BANK.NSE_IDX,22/12/2023,09:19:47,47815.15,0,0,0,0,0,0
NIFTY BANK.NSE_IDX,22/12/2023,09:19:48,47819.1,0,0,0,0,0,0
NIFTY BANK.NSE_IDX,22/12/2023,09:19:49,47817.45,0,0,0,0,0,0
NIFTY BANK.NSE_IDX,22/12/2023,09:19:50,47812.7,0,0,0,0,0,0
NIFTY BANK.NSE_IDX,22/12/2023,09:19:51,47810.75,0,0,0,0,0,0
NIFTY BANK.NSE_IDX,22/12/2023,09:19:52,47814.8,0,0,0,0,0,0
NIFTY BANK.NSE_IDX,22/12/2023,09:19:53,47812.9,0,0,0,0,0,0
NIFTY BANK.NSE_IDX,22/12/2023,09:19:54,47815.45,0,0,0,0,0,0
NIFTY BANK.NSE_IDX,22/12/2023,09:19:55,47801,0,0,0,0,0,0
NIFTY BANK.NSE_IDX,22/12/2023,09:19:56,47798.75,0,0,0,0,0,0
NIFTY BANK.NSE_IDX,22/12/2023,09:19:57,47797.05,0,0,0,0,0,0
NIFTY BANK.NSE_IDX,22/12/2023,09:19:58,47801.95,0,0,0,0,0,0
NIFTY BANK.NSE_IDX,22/12/2023,09:19:59,47799.6,0,0,0,0,0,0
NIFTY BANK.NSE_IDX,22/12/2023,09:20:00,47793.95,0,0,0,0,0,0
NIFTY BANK.NSE_IDX,22/12/2023,09:20:01,47793,0,0,0,0,0,0
NIFTY BANK.NSE_IDX,22/12/2023,09:20:02,47786.7,0,0,0,0,0,0
NIFTY BANK.NSE_IDX,22/12/2023,09:20:03,47781.8,0,0,0,0,0,0
NIFTY BANK.NSE_IDX,22/12/2023,09:20:04,47777.1,0,0,0,0,0,0
NIFTY BANK.NSE_IDX,22/12/2023,09:20:05,47775.1,0,0,0,0,0,0
NIFTY BANK.NSE_IDX,22/12/2023,09:20:06,47770.9,0,0,0,0,0,0
NIFTY BANK.NSE_IDX,22/12/2023,09:20:06,47770.9,0,0,0,0,0,0
NIFTY BANK.NSE_IDX,22/12/2023,09:20:07,47773.75,0,0,0,0,0,0
NIFTY BANK.NSE_IDX,22/12/2023,09:20:07,47767.55,0,0,0,0,0,0
NIFTY BANK.NSE_IDX,22/12/2023,09:20:08,47770.05,0,0,0,0,0,0
NIFTY BANK.NSE_IDX,22/12/2023,09:20:09,47769.9,0,0,0,0,0,0
NIFTY BANK.NSE_IDX,22/12/2023,09:20:09,47767.15,0,0,0,0,0,0
NIFTY BANK.NSE_IDX,22/12/2023,09:20:10,47777.25,0,0,0,0,0,0
NIFTY BANK.NSE_IDX,22/12/2023,09:20:11,47779.45,0,0,0,0,0,0
NIFTY BANK.NSE_IDX,22/12/2023,09:20:12,47773.15,0,0,0,0,0,0
NIFTY BANK.NSE_IDX,22/12/2023,09:20:13,47776.1,0,0,0,0,0,0
NIFTY BANK.NSE_IDX,22/12/2023,09:20:14,47782.25,0,0,0,0,0,0
NIFTY BANK.NSE_IDX,22/12/2023,09:20:15,47772.75,0,0,0,0,0,0
NIFTY BANK.NSE_IDX,22/12/2023,09:20:16,47780.8,0,0,0,0,0,0
NIFTY BANK.NSE_IDX,22/12/2023,09:20:17,47773.15,0,0,0,0,0,0
NIFTY BANK.NSE_IDX,22/12/2023,09:20:18,47776.9,0,0,0,0,0,0
NIFTY BANK.NSE_IDX,22/12/2023,09:20:19,47777.75,0,0,0,0,0,0
NIFTY BANK.NSE_IDX,22/12/2023,09:20:20,47773.95,0,0,0,0,0,0
NIFTY BANK.NSE_IDX,22/12/2023,09:20:21,47770.95,0,0,0,0,0,0
NIFTY BANK.NSE_IDX,22/12/2023,09:20:22,47769.4,0,0,0,0,0,0
NIFTY BANK.NSE_IDX,22/12/2023,09:20:23,47772.7,0,0,0,0,0,0
NIFTY BANK.NSE_IDX,22/12/2023,09:20:24,47777.05,0,0,0,0,0,0
NIFTY BANK.NSE_IDX,22/12/2023,09:20:25,47768,0,0,0,0,0,0
NIFTY BANK.NSE_IDX,22/12/2023,09:20:26,47775,0,0,0,0,0,0
NIFTY BANK.NSE_IDX,22/12/2023,09:20:26,47764.6,0,0,0,0,0,0
NIFTY BANK.NSE_IDX,22/12/2023,09:20:27,47771.45,0,0,0,0,0,0
NIFTY BANK.NSE_IDX,22/12/2023,09:20:28,47770.65,0,0,0,0,0,0
NIFTY BANK.NSE_IDX,22/12/2023,09:20:29,47764.2,0,0,0,0,0,0
NIFTY BANK.NSE_IDX,22/12/2023,09:20:29,47764.2,0,0,0,0,0,0
NIFTY BANK.NSE_IDX,22/12/2023,09:20:30,47771.65,0,0,0,0,0,0
NIFTY BANK.NSE_IDX,22/12/2023,09:20:31,47774.5,0,0,0,0,0,0
NIFTY BANK.NSE_IDX,22/12/2023,09:20:32,47770.1,0,0,0,0,0,0
NIFTY BANK.NSE_IDX,22/12/2023,09:20:33,47771.05,0,0,0,0,0,0
NIFTY BANK.NSE_IDX,22/12/2023,09:20:34,47769.95,0,0,0,0,0,0
NIFTY BANK.NSE_IDX,22/12/2023,09:20:35,47770.95,0,0,0,0,0,0
NIFTY BANK.NSE_IDX,22/12/2023,09:20:35,47761.9,0,0,0,0,0,0
NIFTY BANK.NSE_IDX,22/12/2023,09:20:36,47765.35,0,0,0,0,0,0
NIFTY BANK.NSE_IDX,22/12/2023,09:20:36,47760.7,0,0,0,0,0,0
NIFTY BANK.NSE_IDX,22/12/2023,09:20:37,47761.45,0,0,0,0,0,0
NIFTY BANK.NSE_IDX,22/12/2023,09:20:38,47763.1,0,0,0,0,0,0
NIFTY BANK.NSE_IDX,22/12/2023,09:20:38,47759.05,0,0,0,0,0,0
NIFTY BANK.NSE_IDX,22/12/2023,09:20:39,47756.4,0,0,0,0,0,0
NIFTY BANK.NSE_IDX,22/12/2023,09:20:39,47756.4,0,0,0,0,0,0
NIFTY BANK.NSE_IDX,22/12/2023,09:20:40,47754.25,0,0,0,0,0,0
NIFTY BANK.NSE_IDX,22/12/2023,09:20:40,47748.85,0,0,0,0,0,0
NIFTY BANK.NSE_IDX,22/12/2023,09:20:41,47754.9,0,0,0,0,0,0
NIFTY BANK.NSE_IDX,22/12/2023,09:20:42,47752.55,0,0,0,0,0,0
NIFTY BANK.NSE_IDX,22/12/2023,09:20:42,47748.35,0,0,0,0,0,0
NIFTY BANK.NSE_IDX,22/12/2023,09:20:43,47750.45,0,0,0,0,0,0
NIFTY BANK.NSE_IDX,22/12/2023,09:20:43,47747.4,0,0,0,0,0,0
NIFTY BANK.NSE_IDX,22/12/2023,09:20:44,47749.7,0,0,0,0,0,0
NIFTY BANK.NSE_IDX,22/12/2023,09:20:45,47754.9,0,0,0,0,0,0
NIFTY BANK.NSE_IDX,22/12/2023,09:20:46,47747.05,0,0,0,0,0,0
NIFTY BANK.NSE_IDX,22/12/2023,09:20:46,47741.7,0,0,0,0,0,0
NIFTY BANK.NSE_IDX,22/12/2023,09:20:47,47744.7,0,0,0,0,0,0
NIFTY BANK.NSE_IDX,22/12/2023,09:20:48,47746.9,0,0,0,0,0,0
NIFTY BANK.NSE_IDX,22/12/2023,09:20:48,47737.85,0,0,0,0,0,0
NIFTY BANK.NSE_IDX,22/12/2023,09:20:49,47743.8,0,0,0,0,0,0
NIFTY BANK.NSE_IDX,22/12/2023,09:20:50,47747.1,0,0,0,0,0,0
NIFTY BANK.NSE_IDX,22/12/2023,09:20:51,47751.2,0,0,0,0,0,0
NIFTY BANK.NSE_IDX,22/12/2023,09:20:52,47754.65,0,0,0,0,0,0
NIFTY BANK.NSE_IDX,22/12/2023,09:20:53,47755.45,0,0,0,0,0,0
NIFTY BANK.NSE_IDX,22/12/2023,09:20:54,47756.55,0,0,0,0,0,0
NIFTY BANK.NSE_IDX,22/12/2023,09:20:55,47762.9,0,0,0,0,0,0
NIFTY BANK.NSE_IDX,22/12/2023,09:20:56,47766.95,0,0,0,0,0,0
NIFTY BANK.NSE_IDX,22/12/2023,09:20:57,47767.3,0,0,0,0,0,0
NIFTY BANK.NSE_IDX,22/12/2023,09:20:58,47767.65,0,0,0,0,0,0
NIFTY BANK.NSE_IDX,22/12/2023,09:20:59,47763.15,0,0,0,0,0,0
NIFTY BANK.NSE_IDX,22/12/2023,09:21:00,47759.3,0,0,0,0,0,0
NIFTY BANK.NSE_IDX,22/12/2023,09:21:01,47750.7,0,0,0,0,0,0
NIFTY BANK.NSE_IDX,22/12/2023,09:21:02,47748.7,0,0,0,0,0,0
NIFTY BANK.NSE_IDX,22/12/2023,09:21:03,47752.8,0,0,0,0,0,0
NIFTY BANK.NSE_IDX,22/12/2023,09:21:04,47750.6,0,0,0,0,0,0
NIFTY BANK.NSE_IDX,22/12/2023,09:21:05,47748.95,0,0,0,0,0,0
NIFTY BANK.NSE_IDX,22/12/2023,09:21:06,47749.4,0,0,0,0,0,0
NIFTY BANK.NSE_IDX,22/12/2023,09:21:07,47744.8,0,0,0,0,0,0
NIFTY BANK.NSE_IDX,22/12/2023,09:21:08,47743.05,0,0,0,0,0,0
NIFTY BANK.NSE_IDX,22/12/2023,09:21:08,47736.8,0,0,0,0,0,0
NIFTY BANK.NSE_IDX,22/12/2023,09:21:09,47754.05,0,0,0,0,0,0
NIFTY BANK.NSE_IDX,22/12/2023,09:21:10,47761.05,0,0,0,0,0,0
NIFTY BANK.NSE_IDX,22/12/2023,09:21:11,47769.2,0,0,0,0,0,0
NIFTY BANK.NSE_IDX,22/12/2023,09:21:12,47769.6,0,0,0,0,0,0
NIFTY BANK.NSE_IDX,22/12/2023,09:21:13,47767.15,0,0,0,0,0,0
NIFTY BANK.NSE_IDX,22/12/2023,09:21:14,47771.15,0,0,0,0,0,0
NIFTY BANK.NSE_IDX,22/12/2023,09:21:15,47767.05,0,0,0,0,0,0
NIFTY BANK.NSE_IDX,22/12/2023,09:21:16,47766.85,0,0,0,0,0,0
NIFTY BANK.NSE_IDX,22/12/2023,09:21:17,47768.6,0,0,0,0,0,0
NIFTY BANK.NSE_IDX,22/12/2023,09:21:18,47771.1,0,0,0,0,0,0
NIFTY BANK.NSE_IDX,22/12/2023,09:21:19,47769.5,0,0,0,0,0,0
NIFTY BANK.NSE_IDX,22/12/2023,09:21:20,47771.85,0,0,0,0,0,0
NIFTY BANK.NSE_IDX,22/12/2023,09:21:21,47766,0,0,0,0,0,0
NIFTY BANK.NSE_IDX,22/12/2023,09:21:22,47771.05,0,0,0,0,0,0
NIFTY BANK.NSE_IDX,22/12/2023,09:21:23,47774.6,0,0,0,0,0,0
NIFTY BANK.NSE_IDX,22/12/2023,09:21:24,47774.9,0,0,0,0,0,0
NIFTY BANK.NSE_IDX,22/12/2023,09:21:25,47778.8,0,0,0,0,0,0
NIFTY BANK.NSE_IDX,22/12/2023,09:21:26,47783,0,0,0,0,0,0
NIFTY BANK.NSE_IDX,22/12/2023,09:21:27,47781.7,0,0,0,0,0,0
NIFTY BANK.NSE_IDX,22/12/2023,09:21:28,47779.25,0,0,0,0,0,0
NIFTY BANK.NSE_IDX,22/12/2023,09:21:29,47777.6,0,0,0,0,0,0
NIFTY BANK.NSE_IDX,22/12/2023,09:21:30,47780.5,0,0,0,0,0,0
NIFTY BANK.NSE_IDX,22/12/2023,09:21:31,47784.2,0,0,0,0,0,0
NIFTY BANK.NSE_IDX,22/12/2023,09:21:32,47775.55,0,0,0,0,0,0
NIFTY BANK.NSE_IDX,22/12/2023,09:21:33,47779.75,0,0,0,0,0,0
NIFTY BANK.NSE_IDX,22/12/2023,09:21:34,47778.45,0,0,0,0,0,0
NIFTY BANK.NSE_IDX,22/12/2023,09:21:35,47787.3,0,0,0,0,0,0
NIFTY BANK.NSE_IDX,22/12/2023,09:21:36,47785,0,0,0,0,0,0
NIFTY BANK.NSE_IDX,22/12/2023,09:21:37,47787.05,0,0,0,0,0,0
NIFTY BANK.NSE_IDX,22/12/2023,09:21:38,47785.3,0,0,0,0,0,0
NIFTY BANK.NSE_IDX,22/12/2023,09:21:39,47789.55,0,0,0,0,0,0
NIFTY BANK.NSE_IDX,22/12/2023,09:21:40,47785.05,0,0,0,0,0,0
NIFTY BANK.NSE_IDX,22/12/2023,09:21:41,47789.9,0,0,0,0,0,0
NIFTY BANK.NSE_IDX,22/12/2023,09:21:42,47790.15,0,0,0,0,0,0
NIFTY BANK.NSE_IDX,22/12/2023,09:21:43,47791.3,0,0,0,0,0,0
NIFTY BANK.NSE_IDX,22/12/2023,09:21:44,47789.9,0,0,0,0,0,0
NIFTY BANK.NSE_IDX,22/12/2023,09:21:45,47790.35,0,0,0,0,0,0
NIFTY BANK.NSE_IDX,22/12/2023,09:21:46,47787.55,0,0,0,0,0,0
NIFTY BANK.NSE_IDX,22/12/2023,09:21:47,47780.9,0,0,0,0,0,0
NIFTY BANK.NSE_IDX,22/12/2023,09:21:48,47781.65,0,0,0,0,0,0
NIFTY BANK.NSE_IDX,22/12/2023,09:21:49,47779.25,0,0,0,0,0,0
NIFTY BANK.NSE_IDX,22/12/2023,09:21:50,47784.85,0,0,0,0,0,0
NIFTY BANK.NSE_IDX,22/12/2023,09:21:51,47786.35,0,0,0,0,0,0
NIFTY BANK.NSE_IDX,22/12/2023,09:21:52,47785.7,0,0,0,0,0,0
NIFTY BANK.NSE_IDX,22/12/2023,09:21:53,47776.3,0,0,0,0,0,0
NIFTY BANK.NSE_IDX,22/12/2023,09:21:54,47774.5,0,0,0,0,0,0
NIFTY BANK.NSE_IDX,22/12/2023,09:21:55,47767.75,0,0,0,0,0,0
NIFTY BANK.NSE_IDX,22/12/2023,09:21:56,47770.05,0,0,0,0,0,0
NIFTY BANK.NSE_IDX,22/12/2023,09:21:57,47772.6,0,0,0,0,0,0
NIFTY BANK.NSE_IDX,22/12/2023,09:21:58,47770.7,0,0,0,0,0,0
NIFTY BANK.NSE_IDX,22/12/2023,09:21:59,47762.25,0,0,0,0,0,0
NIFTY BANK.NSE_IDX,22/12/2023,09:22:00,47766.6,0,0,0,0,0,0
NIFTY BANK.NSE_IDX,22/12/2023,09:22:01,47766.35,0,0,0,0,0,0
NIFTY BANK.NSE_IDX,22/12/2023,09:22:02,47771.7,0,0,0,0,0,0
NIFTY BANK.NSE_IDX,22/12/2023,09:22:03,47768.95,0,0,0,0,0,0
NIFTY BANK.NSE_IDX,22/12/2023,09:22:04,47761.85,0,0,0,0,0,0
NIFTY BANK.NSE_IDX,22/12/2023,09:22:05,47767.7,0,0,0,0,0,0
NIFTY BANK.NSE_IDX,22/12/2023,09:22:06,47769.05,0,0,0,0,0,0
NIFTY BANK.NSE_IDX,22/12/2023,09:22:07,47770.4,0,0,0,0,0,0
NIFTY BANK.NSE_IDX,22/12/2023,09:22:08,47766.45,0,0,0,0,0,0
NIFTY BANK.NSE_IDX,22/12/2023,09:22:09,47770.1,0,0,0,0,0,0
NIFTY BANK.NSE_IDX,22/12/2023,09:22:10,47772.35,0,0,0,0,0,0
NIFTY BANK.NSE_IDX,22/12/2023,09:22:11,47770.5,0,0,0,0,0,0
NIFTY BANK.NSE_IDX,22/12/2023,09:22:12,47768.95,0,0,0,0,0,0
NIFTY BANK.NSE_IDX,22/12/2023,09:22:13,47764.35,0,0,0,0,0,0
NIFTY BANK.NSE_IDX,22/12/2023,09:22:14,47762.35,0,0,0,0,0,0
NIFTY BANK.NSE_IDX,22/12/2023,09:22:15,47769,0,0,0,0,0,0
NIFTY BANK.NSE_IDX,22/12/2023,09:22:16,47767.1,0,0,0,0,0,0
NIFTY BANK.NSE_IDX,22/12/2023,09:22:17,47761.8,0,0,0,0,0,0
NIFTY BANK.NSE_IDX,22/12/2023,09:22:18,47761.75,0,0,0,0,0,0
NIFTY BANK.NSE_IDX,22/12/2023,09:22:19,47761.95,0,0,0,0,0,0
NIFTY BANK.NSE_IDX,22/12/2023,09:22:20,47756.55,0,0,0,0,0,0
NIFTY BANK.NSE_IDX,22/12/2023,09:22:21,47761.05,0,0,0,0,0,0
NIFTY BANK.NSE_IDX,22/12/2023,09:22:22,47753.25,0,0,0,0,0,0
NIFTY BANK.NSE_IDX,22/12/2023,09:22:23,47762.4,0,0,0,0,0,0
NIFTY BANK.NSE_IDX,22/12/2023,09:22:24,47759.6,0,0,0,0,0,0
NIFTY BANK.NSE_IDX,22/12/2023,09:22:25,47758.2,0,0,0,0,0,0
NIFTY BANK.NSE_IDX,22/12/2023,09:22:26,47758.85,0,0,0,0,0,0
NIFTY BANK.NSE_IDX,22/12/2023,09:22:27,47757.9,0,0,0,0,0,0
NIFTY BANK.NSE_IDX,22/12/2023,09:22:28,47766.8,0,0,0,0,0,0
NIFTY BANK.NSE_IDX,22/12/2023,09:22:29,47771.75,0,0,0,0,0,0
NIFTY BANK.NSE_IDX,22/12/2023,09:22:30,47772.3,0,0,0,0,0,0
NIFTY BANK.NSE_IDX,22/12/2023,09:22:31,47768.05,0,0,0,0,0,0
NIFTY BANK.NSE_IDX,22/12/2023,09:22:32,47766.6,0,0,0,0,0,0
NIFTY BANK.NSE_IDX,22/12/2023,09:22:33,47760.35,0,0,0,0,0,0
NIFTY BANK.NSE_IDX,22/12/2023,09:22:34,47770.4,0,0,0,0,0,0
NIFTY BANK.NSE_IDX,22/12/2023,09:22:35,47767,0,0,0,0,0,0
NIFTY BANK.NSE_IDX,22/12/2023,09:22:36,47772.15,0,0,0,0,0,0
NIFTY BANK.NSE_IDX,22/12/2023,09:22:37,47762.55,0,0,0,0,0,0
NIFTY BANK.NSE_IDX,22/12/2023,09:22:38,47765.6,0,0,0,0,0,0
NIFTY BANK.NSE_IDX,22/12/2023,09:22:39,47764.8,0,0,0,0,0,0
NIFTY BANK.NSE_IDX,22/12/2023,09:22:40,47764.35,0,0,0,0,0,0
NIFTY BANK.NSE_IDX,22/12/2023,09:22:41,47766,0,0,0,0,0,0
NIFTY BANK.NSE_IDX,22/12/2023,09:22:42,47757.05,0,0,0,0,0,0
NIFTY BANK.NSE_IDX,22/12/2023,09:22:43,47756.7,0,0,0,0,0,0
NIFTY BANK.NSE_IDX,22/12/2023,09:22:44,47759.85,0,0,0,0,0,0
NIFTY BANK.NSE_IDX,22/12/2023,09:22:45,47761.8,0,0,0,0,0,0
NIFTY BANK.NSE_IDX,22/12/2023,09:22:46,47764.4,0,0,0,0,0,0
NIFTY BANK.NSE_IDX,22/12/2023,09:22:47,47763.85,0,0,0,0,0,0
NIFTY BANK.NSE_IDX,22/12/2023,09:22:48,47761.25,0,0,0,0,0,0
NIFTY BANK.NSE_IDX,22/12/2023,09:22:49,47750.95,0,0,0,0,0,0
NIFTY BANK.NSE_IDX,22/12/2023,09:22:50,47753.3,0,0,0,0,0,0
NIFTY BANK.NSE_IDX,22/12/2023,09:22:51,47762.6,0,0,0,0,0,0
NIFTY BANK.NSE_IDX,22/12/2023,09:22:52,47764.45,0,0,0,0,0,0
NIFTY BANK.NSE_IDX,22/12/2023,09:22:53,47760.4,0,0,0,0,0,0
NIFTY BANK.NSE_IDX,22/12/2023,09:22:54,47760.1,0,0,0,0,0,0
NIFTY BANK.NSE_IDX,22/12/2023,09:22:55,47759.15,0,0,0,0,0,0
NIFTY BANK.NSE_IDX,22/12/2023,09:22:56,47753.3,0,0,0,0,0,0
NIFTY BANK.NSE_IDX,22/12/2023,09:22:57,47752.65,0,0,0,0,0,0
NIFTY BANK.NSE_IDX,22/12/2023,09:22:58,47757.2,0,0,0,0,0,0
NIFTY BANK.NSE_IDX,22/12/2023,09:22:59,47755.5,0,0,0,0,0,0
NIFTY BANK.NSE_IDX,22/12/2023,09:23:00,47757.5,0,0,0,0,0,0
NIFTY BANK.NSE_IDX,22/12/2023,09:23:01,47756.25,0,0,0,0,0,0
NIFTY BANK.NSE_IDX,22/12/2023,09:23:02,47757.3,0,0,0,0,0,0
NIFTY BANK.NSE_IDX,22/12/2023,09:23:03,47757,0,0,0,0,0,0
NIFTY BANK.NSE_IDX,22/12/2023,09:23:04,47755.25,0,0,0,0,0,0
NIFTY BANK.NSE_IDX,22/12/2023,09:23:05,47760.7,0,0,0,0,0,0
NIFTY BANK.NSE_IDX,22/12/2023,09:23:06,47762.45,0,0,0,0,0,0
NIFTY BANK.NSE_IDX,22/12/2023,09:23:07,47762.9,0,0,0,0,0,0
NIFTY BANK.NSE_IDX,22/12/2023,09:23:08,47761.65,0,0,0,0,0,0
NIFTY BANK.NSE_IDX,22/12/2023,09:23:09,47756,0,0,0,0,0,0
NIFTY BANK.NSE_IDX,22/12/2023,09:23:10,47759.4,0,0,0,0,0,0
NIFTY BANK.NSE_IDX,22/12/2023,09:23:11,47755.75,0,0,0,0,0,0
NIFTY BANK.NSE_IDX,22/12/2023,09:23:12,47761.3,0,0,0,0,0,0
NIFTY BANK.NSE_IDX,22/12/2023,09:23:13,47755.35,0,0,0,0,0,0
NIFTY BANK.NSE_IDX,22/12/2023,09:23:14,47756.45,0,0,0,0,0,0
NIFTY BANK.NSE_IDX,22/12/2023,09:23:15,47755.7,0,0,0,0,0,0
NIFTY BANK.NSE_IDX,22/12/2023,09:23:16,47752.55,0,0,0,0,0,0
NIFTY BANK.NSE_IDX,22/12/2023,09:23:17,47751.1,0,0,0,0,0,0
NIFTY BANK.NSE_IDX,22/12/2023,09:23:18,47751.3,0,0,0,0,0,0
NIFTY BANK.NSE_IDX,22/12/2023,09:23:19,47751.7,0,0,0,0,0,0
NIFTY BANK.NSE_IDX,22/12/2023,09:23:20,47752.25,0,0,0,0,0,0
NIFTY BANK.NSE_IDX,22/12/2023,09:23:21,47751.9,0,0,0,0,0,0
NIFTY BANK.NSE_IDX,22/12/2023,09:23:22,47748.65,0,0,0,0,0,0
NIFTY BANK.NSE_IDX,22/12/2023,09:23:23,47749.95,0,0,0,0,0,0
NIFTY BANK.NSE_IDX,22/12/2023,09:23:24,47744.05,0,0,0,0,0,0
NIFTY BANK.NSE_IDX,22/12/2023,09:23:25,47746.4,0,0,0,0,0,0
NIFTY BANK.NSE_IDX,22/12/2023,09:23:26,47739.65,0,0,0,0,0,0
NIFTY BANK.NSE_IDX,22/12/2023,09:23:27,47745.5,0,0,0,0,0,0
NIFTY BANK.NSE_IDX,22/12/2023,09:23:28,47744.15,0,0,0,0,0,0
NIFTY BANK.NSE_IDX,22/12/2023,09:23:29,47733.55,0,0,0,0,0,0
NIFTY BANK.NSE_IDX,22/12/2023,09:23:29,47733.55,0,0,0,0,0,0
NIFTY BANK.NSE_IDX,22/12/2023,09:23:30,47736.7,0,0,0,0,0,0
NIFTY BANK.NSE_IDX,22/12/2023,09:23:31,47741.4,0,0,0,0,0,0
NIFTY BANK.NSE_IDX,22/12/2023,09:23:32,47742.55,0,0,0,0,0,0
NIFTY BANK.NSE_IDX,22/12/2023,09:23:33,47746.55,0,0,0,0,0,0
NIFTY BANK.NSE_IDX,22/12/2023,09:23:34,47738.6,0,0,0,0,0,0
NIFTY BANK.NSE_IDX,22/12/2023,09:23:35,47739.75,0,0,0,0,0,0
NIFTY BANK.NSE_IDX,22/12/2023,09:23:36,47743.15,0,0,0,0,0,0
NIFTY BANK.NSE_IDX,22/12/2023,09:23:37,47744.05,0,0,0,0,0,0
NIFTY BANK.NSE_IDX,22/12/2023,09:23:38,47745.3,0,0,0,0,0,0
NIFTY BANK.NSE_IDX,22/12/2023,09:23:39,47744.95,0,0,0,0,0,0
NIFTY BANK.NSE_IDX,22/12/2023,09:23:40,47749.15,0,0,0,0,0,0
NIFTY BANK.NSE_IDX,22/12/2023,09:23:41,47745.25,0,0,0,0,0,0
NIFTY BANK.NSE_IDX,22/12/2023,09:23:42,47745.65,0,0,0,0,0,0
NIFTY BANK.NSE_IDX,22/12/2023,09:23:43,47746.9,0,0,0,0,0,0
NIFTY BANK.NSE_IDX,22/12/2023,09:23:44,47748.15,0,0,0,0,0,0
NIFTY BANK.NSE_IDX,22/12/2023,09:23:45,47737.35,0,0,0,0,0,0
NIFTY BANK.NSE_IDX,22/12/2023,09:23:46,47749.9,0,0,0,0,0,0
NIFTY BANK.NSE_IDX,22/12/2023,09:23:47,47752.8,0,0,0,0,0,0
NIFTY BANK.NSE_IDX,22/12/2023,09:23:48,47750.25,0,0,0,0,0,0
NIFTY BANK.NSE_IDX,22/12/2023,09:23:49,47744,0,0,0,0,0,0
NIFTY BANK.NSE_IDX,22/12/2023,09:23:50,47744.4,0,0,0,0,0,0
NIFTY BANK.NSE_IDX,22/12/2023,09:23:51,47743.55,0,0,0,0,0,0
NIFTY BANK.NSE_IDX,22/12/2023,09:23:52,47742.55,0,0,0,0,0,0
NIFTY BANK.NSE_IDX,22/12/2023,09:23:53,47743.15,0,0,0,0,0,0
NIFTY BANK.NSE_IDX,22/12/2023,09:23:54,47741.6,0,0,0,0,0,0
NIFTY BANK.NSE_IDX,22/12/2023,09:23:55,47741.95,0,0,0,0,0,0
NIFTY BANK.NSE_IDX,22/12/2023,09:23:56,47740.5,0,0,0,0,0,0
NIFTY BANK.NSE_IDX,22/12/2023,09:23:57,47738.75,0,0,0,0,0,0
NIFTY BANK.NSE_IDX,22/12/2023,09:23:58,47732.4,0,0,0,0,0,0
NIFTY BANK.NSE_IDX,22/12/2023,09:23:58,47731.8,0,0,0,0,0,0
NIFTY BANK.NSE_IDX,22/12/2023,09:23:59,47734.35,0,0,0,0,0,0
NIFTY BANK.NSE_IDX,22/12/2023,09:23:59,47730.75,0,0,0,0,0,0
NIFTY BANK.NSE_IDX,22/12/2023,09:24:00,47737.15,0,0,0,0,0,0
NIFTY BANK.NSE_IDX,22/12/2023,09:24:01,47742.1,0,0,0,0,0,0
NIFTY BANK.NSE_IDX,22/12/2023,09:24:02,47738.75,0,0,0,0,0,0
NIFTY BANK.NSE_IDX,22/12/2023,09:24:03,47738.6,0,0,0,0,0,0
NIFTY BANK.NSE_IDX,22/12/2023,09:24:04,47737.75,0,0,0,0,0,0
NIFTY BANK.NSE_IDX,22/12/2023,09:24:05,47737.5,0,0,0,0,0,0
NIFTY BANK.NSE_IDX,22/12/2023,09:24:06,47745.45,0,0,0,0,0,0
NIFTY BANK.NSE_IDX,22/12/2023,09:24:07,47746.85,0,0,0,0,0,0
NIFTY BANK.NSE_IDX,22/12/2023,09:24:08,47745.85,0,0,0,0,0,0
NIFTY BANK.NSE_IDX,22/12/2023,09:24:09,47743.4,0,0,0,0,0,0
NIFTY BANK.NSE_IDX,22/12/2023,09:24:10,47748.15,0,0,0,0,0,0
NIFTY BANK.NSE_IDX,22/12/2023,09:24:11,47742.65,0,0,0,0,0,0
NIFTY BANK.NSE_IDX,22/12/2023,09:24:12,47741.05,0,0,0,0,0,0
NIFTY BANK.NSE_IDX,22/12/2023,09:24:13,47743.5,0,0,0,0,0,0
NIFTY BANK.NSE_IDX,22/12/2023,09:24:14,47744.6,0,0,0,0,0,0
NIFTY BANK.NSE_IDX,22/12/2023,09:24:15,47743.1,0,0,0,0,0,0
NIFTY BANK.NSE_IDX,22/12/2023,09:24:16,47739.05,0,0,0,0,0,0
NIFTY BANK.NSE_IDX,22/12/2023,09:24:17,47738.7,0,0,0,0,0,0
NIFTY BANK.NSE_IDX,22/12/2023,09:24:18,47742.25,0,0,0,0,0,0
NIFTY BANK.NSE_IDX,22/12/2023,09:24:19,47741.8,0,0,0,0,0,0
NIFTY BANK.NSE_IDX,22/12/2023,09:24:20,47737.75,0,0,0,0,0,0
NIFTY BANK.NSE_IDX,22/12/2023,09:24:21,47743.6,0,0,0,0,0,0
NIFTY BANK.NSE_IDX,22/12/2023,09:24:22,47743.35,0,0,0,0,0,0
NIFTY BANK.NSE_IDX,22/12/2023,09:24:23,47747.15,0,0,0,0,0,0
NIFTY BANK.NSE_IDX,22/12/2023,09:24:24,47750.6,0,0,0,0,0,0
NIFTY BANK.NSE_IDX,22/12/2023,09:24:25,47751.1,0,0,0,0,0,0
NIFTY BANK.NSE_IDX,22/12/2023,09:24:26,47750.55,0,0,0,0,0,0
NIFTY BANK.NSE_IDX,22/12/2023,09:24:27,47752.85,0,0,0,0,0,0
NIFTY BANK.NSE_IDX,22/12/2023,09:24:28,47748.15,0,0,0,0,0,0
NIFTY BANK.NSE_IDX,22/12/2023,09:24:29,47743.7,0,0,0,0,0,0
NIFTY BANK.NSE_IDX,22/12/2023,09:24:30,47746.1,0,0,0,0,0,0
NIFTY BANK.NSE_IDX,22/12/2023,09:24:31,47748.3,0,0,0,0,0,0
NIFTY BANK.NSE_IDX,22/12/2023,09:24:32,47751.2,0,0,0,0,0,0
NIFTY BANK.NSE_IDX,22/12/2023,09:24:33,47747.05,0,0,0,0,0,0
NIFTY BANK.NSE_IDX,22/12/2023,09:24:34,47746.1,0,0,0,0,0,0
NIFTY BANK.NSE_IDX,22/12/2023,09:24:35,47749.75,0,0,0,0,0,0
NIFTY BANK.NSE_IDX,22/12/2023,09:24:36,47744.6,0,0,0,0,0,0
NIFTY BANK.NSE_IDX,22/12/2023,09:24:37,47746.45,0,0,0,0,0,0
NIFTY BANK.NSE_IDX,22/12/2023,09:24:38,47731,0,0,0,0,0,0
NIFTY BANK.NSE_IDX,22/12/2023,09:24:39,47739.7,0,0,0,0,0,0
NIFTY BANK.NSE_IDX,22/12/2023,09:24:40,47743.3,0,0,0,0,0,0
NIFTY BANK.NSE_IDX,22/12/2023,09:24:41,47734.2,0,0,0,0,0,0
NIFTY BANK.NSE_IDX,22/12/2023,09:24:42,47731.9,0,0,0,0,0,0
NIFTY BANK.NSE_IDX,22/12/2023,09:24:42,47729.4,0,0,0,0,0,0
NIFTY BANK.NSE_IDX,22/12/2023,09:24:43,47739.45,0,0,0,0,0,0
NIFTY BANK.NSE_IDX,22/12/2023,09:24:44,47733.35,0,0,0,0,0,0
NIFTY BANK.NSE_IDX,22/12/2023,09:24:45,47744.6,0,0,0,0,0,0
NIFTY BANK.NSE_IDX,22/12/2023,09:24:46,47738.7,0,0,0,0,0,0
NIFTY BANK.NSE_IDX,22/12/2023,09:24:47,47735.85,0,0,0,0,0,0
NIFTY BANK.NSE_IDX,22/12/2023,09:24:48,47739.1,0,0,0,0,0,0
NIFTY BANK.NSE_IDX,22/12/2023,09:24:49,47739.9,0,0,0,0,0,0
NIFTY BANK.NSE_IDX,22/12/2023,09:24:50,47737.7,0,0,0,0,0,0
NIFTY BANK.NSE_IDX,22/12/2023,09:24:51,47739.5,0,0,0,0,0,0
NIFTY BANK.NSE_IDX,22/12/2023,09:24:52,47739.3,0,0,0,0,0,0
NIFTY BANK.NSE_IDX,22/12/2023,09:24:53,47735.2,0,0,0,0,0,0
NIFTY BANK.NSE_IDX,22/12/2023,09:24:54,47741,0,0,0,0,0,0
NIFTY BANK.NSE_IDX,22/12/2023,09:24:55,47740.25,0,0,0,0,0,0
NIFTY BANK.NSE_IDX,22/12/2023,09:24:56,47734.95,0,0,0,0,0,0
NIFTY BANK.NSE_IDX,22/12/2023,09:24:57,47740.5,0,0,0,0,0,0
NIFTY BANK.NSE_IDX,22/12/2023,09:24:58,47733.1,0,0,0,0,0,0
NIFTY BANK.NSE_IDX,22/12/2023,09:24:59,47740.45,0,0,0,0,0,0
NIFTY BANK.NSE_IDX,22/12/2023,09:25:00,47735.6,0,0,0,0,0,0
NIFTY BANK.NSE_IDX,22/12/2023,09:25:01,47729.45,0,0,0,0,0,0
NIFTY BANK.NSE_IDX,22/12/2023,09:25:01,47726.5,0,0,0,0,0,0
NIFTY BANK.NSE_IDX,22/12/2023,09:25:02,47732.25,0,0,0,0,0,0
NIFTY BANK.NSE_IDX,22/12/2023,09:25:03,47730.9,0,0,0,0,0,0
NIFTY BANK.NSE_IDX,22/12/2023,09:25:04,47742.35,0,0,0,0,0,0
NIFTY BANK.NSE_IDX,22/12/2023,09:25:05,47739.75,0,0,0,0,0,0
NIFTY BANK.NSE_IDX,22/12/2023,09:25:06,47738.75,0,0,0,0,0,0
NIFTY BANK.NSE_IDX,22/12/2023,09:25:07,47737.55,0,0,0,0,0,0
NIFTY BANK.NSE_IDX,22/12/2023,09:25:08,47739.4,0,0,0,0,0,0
NIFTY BANK.NSE_IDX,22/12/2023,09:25:09,47739.25,0,0,0,0,0,0
NIFTY BANK.NSE_IDX,22/12/2023,09:25:10,47757.85,0,0,0,0,0,0
NIFTY BANK.NSE_IDX,22/12/2023,09:25:11,47756.95,0,0,0,0,0,0
NIFTY BANK.NSE_IDX,22/12/2023,09:25:12,47753.6,0,0,0,0,0,0
NIFTY BANK.NSE_IDX,22/12/2023,09:25:13,47756.95,0,0,0,0,0,0
NIFTY BANK.NSE_IDX,22/12/2023,09:25:14,47755.2,0,0,0,0,0,0
NIFTY BANK.NSE_IDX,22/12/2023,09:25:15,47754.15,0,0,0,0,0,0
NIFTY BANK.NSE_IDX,22/12/2023,09:25:16,47760.25,0,0,0,0,0,0
NIFTY BANK.NSE_IDX,22/12/2023,09:25:17,47757.05,0,0,0,0,0,0
NIFTY BANK.NSE_IDX,22/12/2023,09:25:18,47761.35,0,0,0,0,0,0
NIFTY BANK.NSE_IDX,22/12/2023,09:25:19,47755.55,0,0,0,0,0,0
NIFTY BANK.NSE_IDX,22/12/2023,09:25:20,47758.1,0,0,0,0,0,0
NIFTY BANK.NSE_IDX,22/12/2023,09:25:21,47756.75,0,0,0,0,0,0
NIFTY BANK.NSE_IDX,22/12/2023,09:25:22,47754.35,0,0,0,0,0,0
NIFTY BANK.NSE_IDX,22/12/2023,09:25:23,47750.8,0,0,0,0,0,0
NIFTY BANK.NSE_IDX,22/12/2023,09:25:24,47755.65,0,0,0,0,0,0
NIFTY BANK.NSE_IDX,22/12/2023,09:25:25,47753.55,0,0,0,0,0,0
NIFTY BANK.NSE_IDX,22/12/2023,09:25:26,47755.2,0,0,0,0,0,0
NIFTY BANK.NSE_IDX,22/12/2023,09:25:27,47759.1,0,0,0,0,0,0
NIFTY BANK.NSE_IDX,22/12/2023,09:25:28,47753.1,0,0,0,0,0,0
NIFTY BANK.NSE_IDX,22/12/2023,09:25:29,47750.15,0,0,0,0,0,0
NIFTY BANK.NSE_IDX,22/12/2023,09:25:30,47752.75,0,0,0,0,0,0
NIFTY BANK.NSE_IDX,22/12/2023,09:25:31,47750.85,0,0,0,0,0,0
NIFTY BANK.NSE_IDX,22/12/2023,09:25:32,47754.15,0,0,0,0,0,0
NIFTY BANK.NSE_IDX,22/12/2023,09:25:33,47755.85,0,0,0,0,0,0
NIFTY BANK.NSE_IDX,22/12/2023,09:25:34,47752.1,0,0,0,0,0,0
NIFTY BANK.NSE_IDX,22/12/2023,09:25:35,47753.05,0,0,0,0,0,0
NIFTY BANK.NSE_IDX,22/12/2023,09:25:36,47753.7,0,0,0,0,0,0
NIFTY BANK.NSE_IDX,22/12/2023,09:25:37,47754.45,0,0,0,0,0,0
NIFTY BANK.NSE_IDX,22/12/2023,09:25:38,47752,0,0,0,0,0,0
NIFTY BANK.NSE_IDX,22/12/2023,09:25:39,47751.6,0,0,0,0,0,0
NIFTY BANK.NSE_IDX,22/12/2023,09:25:40,47749.1,0,0,0,0,0,0
NIFTY BANK.NSE_IDX,22/12/2023,09:25:41,47748.95,0,0,0,0,0,0
NIFTY BANK.NSE_IDX,22/12/2023,09:25:42,47748.6,0,0,0,0,0,0
NIFTY BANK.NSE_IDX,22/12/2023,09:25:43,47747.35,0,0,0,0,0,0
NIFTY BANK.NSE_IDX,22/12/2023,09:25:44,47752.3,0,0,0,0,0,0
NIFTY BANK.NSE_IDX,22/12/2023,09:25:45,47751.35,0,0,0,0,0,0
NIFTY BANK.NSE_IDX,22/12/2023,09:25:46,47753.5,0,0,0,0,0,0
NIFTY BANK.NSE_IDX,22/12/2023,09:25:47,47755.7,0,0,0,0,0,0
NIFTY BANK.NSE_IDX,22/12/2023,09:25:48,47759.35,0,0,0,0,0,0
NIFTY BANK.NSE_IDX,22/12/2023,09:25:49,47760.25,0,0,0,0,0,0
NIFTY BANK.NSE_IDX,22/12/2023,09:25:50,47757,0,0,0,0,0,0
NIFTY BANK.NSE_IDX,22/12/2023,09:25:51,47759.65,0,0,0,0,0,0
NIFTY BANK.NSE_IDX,22/12/2023,09:25:52,47759.2,0,0,0,0,0,0
NIFTY BANK.NSE_IDX,22/12/2023,09:25:53,47763.1,0,0,0,0,0,0
NIFTY BANK.NSE_IDX,22/12/2023,09:25:54,47761.15,0,0,0,0,0,0
NIFTY BANK.NSE_IDX,22/12/2023,09:25:55,47767.6,0,0,0,0,0,0
NIFTY BANK.NSE_IDX,22/12/2023,09:25:56,47763.35,0,0,0,0,0,0
NIFTY BANK.NSE_IDX,22/12/2023,09:25:57,47759.15,0,0,0,0,0,0
NIFTY BANK.NSE_IDX,22/12/2023,09:25:58,47763.75,0,0,0,0,0,0
NIFTY BANK.NSE_IDX,22/12/2023,09:25:59,47762.05,0,0,0,0,0,0
NIFTY BANK.NSE_IDX,22/12/2023,09:26:00,47756.7,0,0,0,0,0,0
NIFTY BANK.NSE_IDX,22/12/2023,09:26:01,47758.15,0,0,0,0,0,0
NIFTY BANK.NSE_IDX,22/12/2023,09:26:02,47760.05,0,0,0,0,0,0
NIFTY BANK.NSE_IDX,22/12/2023,09:26:03,47761.85,0,0,0,0,0,0
NIFTY BANK.NSE_IDX,22/12/2023,09:26:04,47764.65,0,0,0,0,0,0
NIFTY BANK.NSE_IDX,22/12/2023,09:26:05,47768.55,0,0,0,0,0,0
NIFTY BANK.NSE_IDX,22/12/2023,09:26:06,47774.15,0,0,0,0,0,0
NIFTY BANK.NSE_IDX,22/12/2023,09:26:07,47771.7,0,0,0,0,0,0
NIFTY BANK.NSE_IDX,22/12/2023,09:26:08,47776.35,0,0,0,0,0,0
NIFTY BANK.NSE_IDX,22/12/2023,09:26:09,47767.9,0,0,0,0,0,0
NIFTY BANK.NSE_IDX,22/12/2023,09:26:10,47771.7,0,0,0,0,0,0
NIFTY BANK.NSE_IDX,22/12/2023,09:26:11,47770,0,0,0,0,0,0
NIFTY BANK.NSE_IDX,22/12/2023,09:26:12,47765.6,0,0,0,0,0,0
NIFTY BANK.NSE_IDX,22/12/2023,09:26:13,47769.45,0,0,0,0,0,0
NIFTY BANK.NSE_IDX,22/12/2023,09:26:14,47768.55,0,0,0,0,0,0
NIFTY BANK.NSE_IDX,22/12/2023,09:26:15,47766,0,0,0,0,0,0
NIFTY BANK.NSE_IDX,22/12/2023,09:26:16,47764.55,0,0,0,0,0,0
NIFTY BANK.NSE_IDX,22/12/2023,09:26:17,47763,0,0,0,0,0,0
NIFTY BANK.NSE_IDX,22/12/2023,09:26:18,47761.6,0,0,0,0,0,0
NIFTY BANK.NSE_IDX,22/12/2023,09:26:19,47764.95,0,0,0,0,0,0
NIFTY BANK.NSE_IDX,22/12/2023,09:26:20,47760.4,0,0,0,0,0,0
NIFTY BANK.NSE_IDX,22/12/2023,09:26:21,47760.85,0,0,0,0,0,0
NIFTY BANK.NSE_IDX,22/12/2023,09:26:22,47759.85,0,0,0,0,0,0
NIFTY BANK.NSE_IDX,22/12/2023,09:26:23,47757.8,0,0,0,0,0,0
NIFTY BANK.NSE_IDX,22/12/2023,09:26:24,47756.25,0,0,0,0,0,0
NIFTY BANK.NSE_IDX,22/12/2023,09:26:25,47759.7,0,0,0,0,0,0
NIFTY BANK.NSE_IDX,22/12/2023,09:26:26,47756.7,0,0,0,0,0,0
NIFTY BANK.NSE_IDX,22/12/2023,09:26:27,47759.9,0,0,0,0,0,0
NIFTY BANK.NSE_IDX,22/12/2023,09:26:28,47752.25,0,0,0,0,0,0
NIFTY BANK.NSE_IDX,22/12/2023,09:26:29,47759.4,0,0,0,0,0,0
NIFTY BANK.NSE_IDX,22/12/2023,09:26:30,47758.75,0,0,0,0,0,0
NIFTY BANK.NSE_IDX,22/12/2023,09:26:31,47754.4,0,0,0,0,0,0
NIFTY BANK.NSE_IDX,22/12/2023,09:26:32,47752.95,0,0,0,0,0,0
NIFTY BANK.NSE_IDX,22/12/2023,09:26:33,47755.55,0,0,0,0,0,0
NIFTY BANK.NSE_IDX,22/12/2023,09:26:34,47753.35,0,0,0,0,0,0
NIFTY BANK.NSE_IDX,22/12/2023,09:26:35,47755.8,0,0,0,0,0,0
NIFTY BANK.NSE_IDX,22/12/2023,09:26:36,47748.35,0,0,0,0,0,0
NIFTY BANK.NSE_IDX,22/12/2023,09:26:37,47752.8,0,0,0,0,0,0
NIFTY BANK.NSE_IDX,22/12/2023,09:26:38,47757.15,0,0,0,0,0,0
NIFTY BANK.NSE_IDX,22/12/2023,09:26:39,47757,0,0,0,0,0,0
NIFTY BANK.NSE_IDX,22/12/2023,09:26:40,47754.6,0,0,0,0,0,0
NIFTY BANK.NSE_IDX,22/12/2023,09:26:41,47757.05,0,0,0,0,0,0
NIFTY BANK.NSE_IDX,22/12/2023,09:26:42,47757.65,0,0,0,0,0,0
NIFTY BANK.NSE_IDX,22/12/2023,09:26:43,47756,0,0,0,0,0,0
NIFTY BANK.NSE_IDX,22/12/2023,09:26:44,47753.65,0,0,0,0,0,0
NIFTY BANK.NSE_IDX,22/12/2023,09:26:45,47753.05,0,0,0,0,0,0
NIFTY BANK.NSE_IDX,22/12/2023,09:26:46,47749.1,0,0,0,0,0,0
NIFTY BANK.NSE_IDX,22/12/2023,09:26:47,47753.4,0,0,0,0,0,0
NIFTY BANK.NSE_IDX,22/12/2023,09:26:48,47746.55,0,0,0,0,0,0
NIFTY BANK.NSE_IDX,22/12/2023,09:26:49,47750.95,0,0,0,0,0,0
NIFTY BANK.NSE_IDX,22/12/2023,09:26:50,47757.55,0,0,0,0,0,0
NIFTY BANK.NSE_IDX,22/12/2023,09:26:51,47753.2,0,0,0,0,0,0
NIFTY BANK.NSE_IDX,22/12/2023,09:26:52,47748.2,0,0,0,0,0,0
NIFTY BANK.NSE_IDX,22/12/2023,09:26:53,47749.95,0,0,0,0,0,0
NIFTY BANK.NSE_IDX,22/12/2023,09:26:54,47749.35,0,0,0,0,0,0
NIFTY BANK.NSE_IDX,22/12/2023,09:26:55,47745.8,0,0,0,0,0,0
NIFTY BANK.NSE_IDX,22/12/2023,09:26:56,47744.25,0,0,0,0,0,0
NIFTY BANK.NSE_IDX,22/12/2023,09:26:57,47741.3,0,0,0,0,0,0
NIFTY BANK.NSE_IDX,22/12/2023,09:26:58,47742.35,0,0,0,0,0,0
NIFTY BANK.NSE_IDX,22/12/2023,09:26:59,47745.45,0,0,0,0,0,0
NIFTY BANK.NSE_IDX,22/12/2023,09:27:00,47739.6,0,0,0,0,0,0
NIFTY BANK.NSE_IDX,22/12/2023,09:27:01,47740,0,0,0,0,0,0
NIFTY BANK.NSE_IDX,22/12/2023,09:27:02,47741.75,0,0,0,0,0,0
NIFTY BANK.NSE_IDX,22/12/2023,09:27:03,47735.9,0,0,0,0,0,0
NIFTY BANK.NSE_IDX,22/12/2023,09:27:04,47735.8,0,0,0,0,0,0
NIFTY BANK.NSE_IDX,22/12/2023,09:27:05,47742.4,0,0,0,0,0,0
NIFTY BANK.NSE_IDX,22/12/2023,09:27:06,47743.7,0,0,0,0,0,0
NIFTY BANK.NSE_IDX,22/12/2023,09:27:07,47743.9,0,0,0,0,0,0
NIFTY BANK.NSE_IDX,22/12/2023,09:27:08,47746.55,0,0,0,0,0,0
NIFTY BANK.NSE_IDX,22/12/2023,09:27:09,47748,0,0,0,0,0,0
NIFTY BANK.NSE_IDX,22/12/2023,09:27:10,47745.15,0,0,0,0,0,0
NIFTY BANK.NSE_IDX,22/12/2023,09:27:11,47745.4,0,0,0,0,0,0
NIFTY BANK.NSE_IDX,22/12/2023,09:27:12,47747.75,0,0,0,0,0,0
NIFTY BANK.NSE_IDX,22/12/2023,09:27:13,47749.4,0,0,0,0,0,0
NIFTY BANK.NSE_IDX,22/12/2023,09:27:14,47748.35,0,0,0,0,0,0
NIFTY BANK.NSE_IDX,22/12/2023,09:27:15,47746.6,0,0,0,0,0,0
NIFTY BANK.NSE_IDX,22/12/2023,09:27:16,47746,0,0,0,0,0,0
NIFTY BANK.NSE_IDX,22/12/2023,09:27:17,47749.15,0,0,0,0,0,0
NIFTY BANK.NSE_IDX,22/12/2023,09:27:18,47747.8,0,0,0,0,0,0
NIFTY BANK.NSE_IDX,22/12/2023,09:27:19,47749.2,0,0,0,0,0,0
NIFTY BANK.NSE_IDX,22/12/2023,09:27:20,47751.5,0,0,0,0,0,0
NIFTY BANK.NSE_IDX,22/12/2023,09:27:21,47743.6,0,0,0,0,0,0
NIFTY BANK.NSE_IDX,22/12/2023,09:27:22,47739.3,0,0,0,0,0,0
NIFTY BANK.NSE_IDX,22/12/2023,09:27:23,47740.35,0,0,0,0,0,0
NIFTY BANK.NSE_IDX,22/12/2023,09:27:24,47739.65,0,0,0,0,0,0
NIFTY BANK.NSE_IDX,22/12/2023,09:27:25,47744.85,0,0,0,0,0,0
NIFTY BANK.NSE_IDX,22/12/2023,09:27:26,47746.25,0,0,0,0,0,0
NIFTY BANK.NSE_IDX,22/12/2023,09:27:27,47740.9,0,0,0,0,0,0
NIFTY BANK.NSE_IDX,22/12/2023,09:27:28,47744.65,0,0,0,0,0,0
NIFTY BANK.NSE_IDX,22/12/2023,09:27:29,47744.95,0,0,0,0,0,0
NIFTY BANK.NSE_IDX,22/12/2023,09:27:30,47744.3,0,0,0,0,0,0
NIFTY BANK.NSE_IDX,22/12/2023,09:27:31,47742.3,0,0,0,0,0,0
NIFTY BANK.NSE_IDX,22/12/2023,09:27:32,47739.15,0,0,0,0,0,0
NIFTY BANK.NSE_IDX,22/12/2023,09:27:33,47738.6,0,0,0,0,0,0
NIFTY BANK.NSE_IDX,22/12/2023,09:27:34,47745.25,0,0,0,0,0,0
NIFTY BANK.NSE_IDX,22/12/2023,09:27:35,47742.95,0,0,0,0,0,0
NIFTY BANK.NSE_IDX,22/12/2023,09:27:36,47738.2,0,0,0,0,0,0
NIFTY BANK.NSE_IDX,22/12/2023,09:27:37,47737.8,0,0,0,0,0,0
NIFTY BANK.NSE_IDX,22/12/2023,09:27:38,47738.7,0,0,0,0,0,0
NIFTY BANK.NSE_IDX,22/12/2023,09:27:39,47744.15,0,0,0,0,0,0
NIFTY BANK.NSE_IDX,22/12/2023,09:27:40,47747.5,0,0,0,0,0,0
NIFTY BANK.NSE_IDX,22/12/2023,09:27:41,47740.35,0,0,0,0,0,0
NIFTY BANK.NSE_IDX,22/12/2023,09:27:42,47742.75,0,0,0,0,0,0
NIFTY BANK.NSE_IDX,22/12/2023,09:27:43,47738.1,0,0,0,0,0,0
NIFTY BANK.NSE_IDX,22/12/2023,09:27:44,47738.75,0,0,0,0,0,0
NIFTY BANK.NSE_IDX,22/12/2023,09:27:45,47737.9,0,0,0,0,0,0
NIFTY BANK.NSE_IDX,22/12/2023,09:27:46,47740.25,0,0,0,0,0,0
NIFTY BANK.NSE_IDX,22/12/2023,09:27:47,47739.6,0,0,0,0,0,0
NIFTY BANK.NSE_IDX,22/12/2023,09:27:48,47738.2,0,0,0,0,0,0
NIFTY BANK.NSE_IDX,22/12/2023,09:27:49,47743.15,0,0,0,0,0,0
NIFTY BANK.NSE_IDX,22/12/2023,09:27:50,47742.55,0,0,0,0,0,0
NIFTY BANK.NSE_IDX,22/12/2023,09:27:51,47739.8,0,0,0,0,0,0
NIFTY BANK.NSE_IDX,22/12/2023,09:27:52,47737.05,0,0,0,0,0,0
NIFTY BANK.NSE_IDX,22/12/2023,09:27:53,47740.7,0,0,0,0,0,0
NIFTY BANK.NSE_IDX,22/12/2023,09:27:54,47739,0,0,0,0,0,0
NIFTY BANK.NSE_IDX,22/12/2023,09:27:55,47732.1,0,0,0,0,0,0
NIFTY BANK.NSE_IDX,22/12/2023,09:27:56,47737.85,0,0,0,0,0,0
NIFTY BANK.NSE_IDX,22/12/2023,09:27:57,47737.1,0,0,0,0,0,0
NIFTY BANK.NSE_IDX,22/12/2023,09:27:58,47736.65,0,0,0,0,0,0
NIFTY BANK.NSE_IDX,22/12/2023,09:27:59,47728.95,0,0,0,0,0,0
NIFTY BANK.NSE_IDX,22/12/2023,09:28:00,47728.4,0,0,0,0,0,0
NIFTY BANK.NSE_IDX,22/12/2023,09:28:01,47732.25,0,0,0,0,0,0
NIFTY BANK.NSE_IDX,22/12/2023,09:28:02,47733.5,0,0,0,0,0,0
NIFTY BANK.NSE_IDX,22/12/2023,09:28:03,47732.2,0,0,0,0,0,0
NIFTY BANK.NSE_IDX,22/12/2023,09:28:04,47733.35,0,0,0,0,0,0
NIFTY BANK.NSE_IDX,22/12/2023,09:28:05,47734.9,0,0,0,0,0,0
NIFTY BANK.NSE_IDX,22/12/2023,09:28:06,47736.9,0,0,0,0,0,0
NIFTY BANK.NSE_IDX,22/12/2023,09:28:07,47733.95,0,0,0,0,0,0
NIFTY BANK.NSE_IDX,22/12/2023,09:28:08,47734.15,0,0,0,0,0,0
NIFTY BANK.NSE_IDX,22/12/2023,09:28:09,47738.15,0,0,0,0,0,0
NIFTY BANK.NSE_IDX,22/12/2023,09:28:10,47733.8,0,0,0,0,0,0
NIFTY BANK.NSE_IDX,22/12/2023,09:28:11,47736.25,0,0,0,0,0,0
NIFTY BANK.NSE_IDX,22/12/2023,09:28:12,47735,0,0,0,0,0,0
NIFTY BANK.NSE_IDX,22/12/2023,09:28:13,47734.15,0,0,0,0,0,0
NIFTY BANK.NSE_IDX,22/12/2023,09:28:14,47738.1,0,0,0,0,0,0
NIFTY BANK.NSE_IDX,22/12/2023,09:28:15,47737.8,0,0,0,0,0,0
NIFTY BANK.NSE_IDX,22/12/2023,09:28:16,47735.75,0,0,0,0,0,0
NIFTY BANK.NSE_IDX,22/12/2023,09:28:17,47739.5,0,0,0,0,0,0
NIFTY BANK.NSE_IDX,22/12/2023,09:28:18,47735.95,0,0,0,0,0,0
NIFTY BANK.NSE_IDX,22/12/2023,09:28:19,47736.3,0,0,0,0,0,0
NIFTY BANK.NSE_IDX,22/12/2023,09:28:20,47736,0,0,0,0,0,0
NIFTY BANK.NSE_IDX,22/12/2023,09:28:21,47732.95,0,0,0,0,0,0
NIFTY BANK.NSE_IDX,22/12/2023,09:28:22,47737.3,0,0,0,0,0,0
NIFTY BANK.NSE_IDX,22/12/2023,09:28:23,47733.1,0,0,0,0,0,0
NIFTY BANK.NSE_IDX,22/12/2023,09:28:24,47732.25,0,0,0,0,0,0
NIFTY BANK.NSE_IDX,22/12/2023,09:28:25,47733.75,0,0,0,0,0,0
NIFTY BANK.NSE_IDX,22/12/2023,09:28:26,47732.05,0,0,0,0,0,0
NIFTY BANK.NSE_IDX,22/12/2023,09:28:27,47734.4,0,0,0,0,0,0
NIFTY BANK.NSE_IDX,22/12/2023,09:28:28,47738.3,0,0,0,0,0,0
NIFTY BANK.NSE_IDX,22/12/2023,09:28:29,47730.1,0,0,0,0,0,0
NIFTY BANK.NSE_IDX,22/12/2023,09:28:30,47734.6,0,0,0,0,0,0
NIFTY BANK.NSE_IDX,22/12/2023,09:28:31,47734.75,0,0,0,0,0,0
NIFTY BANK.NSE_IDX,22/12/2023,09:28:32,47735.15,0,0,0,0,0,0
NIFTY BANK.NSE_IDX,22/12/2023,09:28:33,47734.85,0,0,0,0,0,0
NIFTY BANK.NSE_IDX,22/12/2023,09:28:34,47733.6,0,0,0,0,0,0
NIFTY BANK.NSE_IDX,22/12/2023,09:28:35,47731.3,0,0,0,0,0,0
NIFTY BANK.NSE_IDX,22/12/2023,09:28:36,47730.7,0,0,0,0,0,0
NIFTY BANK.NSE_IDX,22/12/2023,09:28:37,47727.2,0,0,0,0,0,0
NIFTY BANK.NSE_IDX,22/12/2023,09:28:37,47726.45,0,0,0,0,0,0
NIFTY BANK.NSE_IDX,22/12/2023,09:28:38,47729,0,0,0,0,0,0
NIFTY BANK.NSE_IDX,22/12/2023,09:28:38,47726.35,0,0,0,0,0,0
NIFTY BANK.NSE_IDX,22/12/2023,09:28:39,47726.2,0,0,0,0,0,0
NIFTY BANK.NSE_IDX,22/12/2023,09:28:39,47726.2,0,0,0,0,0,0
NIFTY BANK.NSE_IDX,22/12/2023,09:28:40,47719.8,0,0,0,0,0,0
NIFTY BANK.NSE_IDX,22/12/2023,09:28:40,47719.3,0,0,0,0,0,0
NIFTY BANK.NSE_IDX,22/12/2023,09:28:41,47721.25,0,0,0,0,0,0
NIFTY BANK.NSE_IDX,22/12/2023,09:28:41,47717.05,0,0,0,0,0,0
NIFTY BANK.NSE_IDX,22/12/2023,09:28:42,47712.65,0,0,0,0,0,0
NIFTY BANK.NSE_IDX,22/12/2023,09:28:42,47712.65,0,0,0,0,0,0
NIFTY BANK.NSE_IDX,22/12/2023,09:28:43,47718.95,0,0,0,0,0,0
NIFTY BANK.NSE_IDX,22/12/2023,09:28:43,47708.7,0,0,0,0,0,0
NIFTY BANK.NSE_IDX,22/12/2023,09:28:44,47719.8,0,0,0,0,0,0
NIFTY BANK.NSE_IDX,22/12/2023,09:28:45,47719.8,0,0,0,0,0,0
NIFTY BANK.NSE_IDX,22/12/2023,09:28:46,47718.5,0,0,0,0,0,0
NIFTY BANK.NSE_IDX,22/12/2023,09:28:47,47715.8,0,0,0,0,0,0
NIFTY BANK.NSE_IDX,22/12/2023,09:28:48,47720.1,0,0,0,0,0,0
NIFTY BANK.NSE_IDX,22/12/2023,09:28:49,47718.3,0,0,0,0,0,0
NIFTY BANK.NSE_IDX,22/12/2023,09:28:50,47714.4,0,0,0,0,0,0
NIFTY BANK.NSE_IDX,22/12/2023,09:28:51,47714.35,0,0,0,0,0,0
NIFTY BANK.NSE_IDX,22/12/2023,09:28:52,47713.75,0,0,0,0,0,0
NIFTY BANK.NSE_IDX,22/12/2023,09:28:53,47718.45,0,0,0,0,0,0
NIFTY BANK.NSE_IDX,22/12/2023,09:28:54,47719.6,0,0,0,0,0,0
NIFTY BANK.NSE_IDX,22/12/2023,09:28:55,47716.65,0,0,0,0,0,0
NIFTY BANK.NSE_IDX,22/12/2023,09:28:56,47716.05,0,0,0,0,0,0
NIFTY BANK.NSE_IDX,22/12/2023,09:28:57,47714.5,0,0,0,0,0,0
NIFTY BANK.NSE_IDX,22/12/2023,09:28:58,47719.4,0,0,0,0,0,0
NIFTY BANK.NSE_IDX,22/12/2023,09:28:59,47712.4,0,0,0,0,0,0
NIFTY BANK.NSE_IDX,22/12/2023,09:29:00,47715.9,0,0,0,0,0,0
NIFTY BANK.NSE_IDX,22/12/2023,09:29:01,47713.65,0,0,0,0,0,0
NIFTY BANK.NSE_IDX,22/12/2023,09:29:02,47713.25,0,0,0,0,0,0
NIFTY BANK.NSE_IDX,22/12/2023,09:29:03,47719.55,0,0,0,0,0,0
NIFTY BANK.NSE_IDX,22/12/2023,09:29:04,47718.45,0,0,0,0,0,0
NIFTY BANK.NSE_IDX,22/12/2023,09:29:05,47719.05,0,0,0,0,0,0
NIFTY BANK.NSE_IDX,22/12/2023,09:29:06,47718.2,0,0,0,0,0,0
NIFTY BANK.NSE_IDX,22/12/2023,09:29:07,47713.85,0,0,0,0,0,0
NIFTY BANK.NSE_IDX,22/12/2023,09:29:08,47716.35,0,0,0,0,0,0
NIFTY BANK.NSE_IDX,22/12/2023,09:29:09,47716.5,0,0,0,0,0,0
NIFTY BANK.NSE_IDX,22/12/2023,09:29:10,47722.05,0,0,0,0,0,0
NIFTY BANK.NSE_IDX,22/12/2023,09:29:11,47723.5,0,0,0,0,0,0
NIFTY BANK.NSE_IDX,22/12/2023,09:29:12,47720.25,0,0,0,0,0,0
NIFTY BANK.NSE_IDX,22/12/2023,09:29:13,47715.3,0,0,0,0,0,0
NIFTY BANK.NSE_IDX,22/12/2023,09:29:14,47713.9,0,0,0,0,0,0
NIFTY BANK.NSE_IDX,22/12/2023,09:29:15,47715.2,0,0,0,0,0,0
NIFTY BANK.NSE_IDX,22/12/2023,09:29:16,47716.2,0,0,0,0,0,0
NIFTY BANK.NSE_IDX,22/12/2023,09:29:17,47717.35,0,0,0,0,0,0
NIFTY BANK.NSE_IDX,22/12/2023,09:29:18,47708.85,0,0,0,0,0,0
NIFTY BANK.NSE_IDX,22/12/2023,09:29:19,47710.95,0,0,0,0,0,0
NIFTY BANK.NSE_IDX,22/12/2023,09:29:19,47707.9,0,0,0,0,0,0
NIFTY BANK.NSE_IDX,22/12/2023,09:29:20,47710.3,0,0,0,0,0,0
NIFTY BANK.NSE_IDX,22/12/2023,09:29:20,47706.5,0,0,0,0,0,0
NIFTY BANK.NSE_IDX,22/12/2023,09:29:21,47714.25,0,0,0,0,0,0
NIFTY BANK.NSE_IDX,22/12/2023,09:29:22,47710.75,0,0,0,0,0,0
NIFTY BANK.NSE_IDX,22/12/2023,09:29:23,47713.7,0,0,0,0,0,0
NIFTY BANK.NSE_IDX,22/12/2023,09:29:24,47712.4,0,0,0,0,0,0
NIFTY BANK.NSE_IDX,22/12/2023,09:29:25,47718.3,0,0,0,0,0,0
NIFTY BANK.NSE_IDX,22/12/2023,09:29:26,47719.75,0,0,0,0,0,0
NIFTY BANK.NSE_IDX,22/12/2023,09:29:27,47716.45,0,0,0,0,0,0
NIFTY BANK.NSE_IDX,22/12/2023,09:29:28,47721.5,0,0,0,0,0,0
NIFTY BANK.NSE_IDX,22/12/2023,09:29:29,47723.1,0,0,0,0,0,0
NIFTY BANK.NSE_IDX,22/12/2023,09:29:30,47721.2,0,0,0,0,0,0
NIFTY BANK.NSE_IDX,22/12/2023,09:29:31,47722.2,0,0,0,0,0,0
NIFTY BANK.NSE_IDX,22/12/2023,09:29:32,47718.6,0,0,0,0,0,0
NIFTY BANK.NSE_IDX,22/12/2023,09:29:33,47718.5,0,0,0,0,0,0
NIFTY BANK.NSE_IDX,22/12/2023,09:29:34,47723.75,0,0,0,0,0,0
NIFTY BANK.NSE_IDX,22/12/2023,09:29:35,47724.35,0,0,0,0,0,0
NIFTY BANK.NSE_IDX,22/12/2023,09:29:36,47724,0,0,0,0,0,0
NIFTY BANK.NSE_IDX,22/12/2023,09:29:37,47721.3,0,0,0,0,0,0
NIFTY BANK.NSE_IDX,22/12/2023,09:29:38,47714.75,0,0,0,0,0,0
NIFTY BANK.NSE_IDX,22/12/2023,09:29:39,47711.35,0,0,0,0,0,0
NIFTY BANK.NSE_IDX,22/12/2023,09:29:40,47717.4,0,0,0,0,0,0
NIFTY BANK.NSE_IDX,22/12/2023,09:29:41,47720.9,0,0,0,0,0,0
NIFTY BANK.NSE_IDX,22/12/2023,09:29:42,47717.5,0,0,0,0,0,0
NIFTY BANK.NSE_IDX,22/12/2023,09:29:43,47712.7,0,0,0,0,0,0
NIFTY BANK.NSE_IDX,22/12/2023,09:29:44,47713.6,0,0,0,0,0,0
NIFTY BANK.NSE_IDX,22/12/2023,09:29:45,47715.7,0,0,0,0,0,0
NIFTY BANK.NSE_IDX,22/12/2023,09:29:46,47715.45,0,0,0,0,0,0
NIFTY BANK.NSE_IDX,22/12/2023,09:29:47,47709.65,0,0,0,0,0,0
NIFTY BANK.NSE_IDX,22/12/2023,09:29:48,47711.05,0,0,0,0,0,0
NIFTY BANK.NSE_IDX,22/12/2023,09:29:49,47720.5,0,0,0,0,0,0
NIFTY BANK.NSE_IDX,22/12/2023,09:29:50,47719.5,0,0,0,0,0,0
NIFTY BANK.NSE_IDX,22/12/2023,09:29:51,47720.35,0,0,0,0,0,0
NIFTY BANK.NSE_IDX,22/12/2023,09:29:52,47721.5,0,0,0,0,0,0
NIFTY BANK.NSE_IDX,22/12/2023,09:29:53,47723.9,0,0,0,0,0,0
NIFTY BANK.NSE_IDX,22/12/2023,09:29:54,47720,0,0,0,0,0,0
NIFTY BANK.NSE_IDX,22/12/2023,09:29:55,47722.45,0,0,0,0,0,0
NIFTY BANK.NSE_IDX,22/12/2023,09:29:56,47723.9,0,0,0,0,0,0
NIFTY BANK.NSE_IDX,22/12/2023,09:29:57,47724.85,0,0,0,0,0,0
NIFTY BANK.NSE_IDX,22/12/2023,09:29:58,47728,0,0,0,0,0,0
NIFTY BANK.NSE_IDX,22/12/2023,09:29:59,47726.4,0,0,0,0,0,0
NIFTY BANK.NSE_IDX,22/12/2023,09:30:00,47726,0,0,0,0,0,0
NIFTY BANK.NSE_IDX,22/12/2023,09:30:01,47727.15,0,0,0,0,0,0
NIFTY BANK.NSE_IDX,22/12/2023,09:30:02,47731.15,0,0,0,0,0,0
NIFTY BANK.NSE_IDX,22/12/2023,09:30:03,47740,0,0,0,0,0,0
NIFTY BANK.NSE_IDX,22/12/2023,09:30:04,47741.1,0,0,0,0,0,0
NIFTY BANK.NSE_IDX,22/12/2023,09:30:05,47741.8,0,0,0,0,0,0
NIFTY BANK.NSE_IDX,22/12/2023,09:30:06,47743.4,0,0,0,0,0,0
NIFTY BANK.NSE_IDX,22/12/2023,09:30:07,47742.7,0,0,0,0,0,0
NIFTY BANK.NSE_IDX,22/12/2023,09:30:08,47742.2,0,0,0,0,0,0
NIFTY BANK.NSE_IDX,22/12/2023,09:30:09,47738.9,0,0,0,0,0,0
NIFTY BANK.NSE_IDX,22/12/2023,09:30:10,47740.05,0,0,0,0,0,0
NIFTY BANK.NSE_IDX,22/12/2023,09:30:11,47735.55,0,0,0,0,0,0
NIFTY BANK.NSE_IDX,22/12/2023,09:30:12,47738.35,0,0,0,0,0,0
NIFTY BANK.NSE_IDX,22/12/2023,09:30:13,47739.95,0,0,0,0,0,0
NIFTY BANK.NSE_IDX,22/12/2023,09:30:14,47741.05,0,0,0,0,0,0
NIFTY BANK.NSE_IDX,22/12/2023,09:30:15,47739.95,0,0,0,0,0,0
NIFTY BANK.NSE_IDX,22/12/2023,09:30:16,47741.35,0,0,0,0,0,0
NIFTY BANK.NSE_IDX,22/12/2023,09:30:17,47740.7,0,0,0,0,0,0
NIFTY BANK.NSE_IDX,22/12/2023,09:30:18,47746.05,0,0,0,0,0,0
NIFTY BANK.NSE_IDX,22/12/2023,09:30:19,47743.45,0,0,0,0,0,0
NIFTY BANK.NSE_IDX,22/12/2023,09:30:20,47744.7,0,0,0,0,0,0
NIFTY BANK.NSE_IDX,22/12/2023,09:30:21,47743.75,0,0,0,0,0,0
NIFTY BANK.NSE_IDX,22/12/2023,09:30:22,47741.2,0,0,0,0,0,0
NIFTY BANK.NSE_IDX,22/12/2023,09:30:23,47743.65,0,0,0,0,0,0
NIFTY BANK.NSE_IDX,22/12/2023,09:30:24,47737.9,0,0,0,0,0,0
NIFTY BANK.NSE_IDX,22/12/2023,09:30:25,47736.65,0,0,0,0,0,0
NIFTY BANK.NSE_IDX,22/12/2023,09:30:26,47735.4,0,0,0,0,0,0
NIFTY BANK.NSE_IDX,22/12/2023,09:30:27,47737.55,0,0,0,0,0,0
NIFTY BANK.NSE_IDX,22/12/2023,09:30:28,47732.35,0,0,0,0,0,0
NIFTY BANK.NSE_IDX,22/12/2023,09:30:29,47733.1,0,0,0,0,0,0
NIFTY BANK.NSE_IDX,22/12/2023,09:30:30,47735.4,0,0,0,0,0,0
NIFTY BANK.NSE_IDX,22/12/2023,09:30:31,47732.8,0,0,0,0,0,0
NIFTY BANK.NSE_IDX,22/12/2023,09:30:32,47732.7,0,0,0,0,0,0
NIFTY BANK.NSE_IDX,22/12/2023,09:30:33,47733.35,0,0,0,0,0,0
NIFTY BANK.NSE_IDX,22/12/2023,09:30:34,47729.9,0,0,0,0,0,0
NIFTY BANK.NSE_IDX,22/12/2023,09:30:35,47732.2,0,0,0,0,0,0
NIFTY BANK.NSE_IDX,22/12/2023,09:30:36,47728.6,0,0,0,0,0,0
NIFTY BANK.NSE_IDX,22/12/2023,09:30:37,47733.9,0,0,0,0,0,0
NIFTY BANK.NSE_IDX,22/12/2023,09:30:38,47737.1,0,0,0,0,0,0
NIFTY BANK.NSE_IDX,22/12/2023,09:30:39,47736.05,0,0,0,0,0,0
NIFTY BANK.NSE_IDX,22/12/2023,09:30:40,47740.95,0,0,0,0,0,0
NIFTY BANK.NSE_IDX,22/12/2023,09:30:41,47737.75,0,0,0,0,0,0
NIFTY BANK.NSE_IDX,22/12/2023,09:30:42,47735.9,0,0,0,0,0,0
NIFTY BANK.NSE_IDX,22/12/2023,09:30:43,47740.45,0,0,0,0,0,0
NIFTY BANK.NSE_IDX,22/12/2023,09:30:44,47743.25,0,0,0,0,0,0
NIFTY BANK.NSE_IDX,22/12/2023,09:30:45,47743.8,0,0,0,0,0,0
NIFTY BANK.NSE_IDX,22/12/2023,09:30:46,47740.65,0,0,0,0,0,0
NIFTY BANK.NSE_IDX,22/12/2023,09:30:47,47743.1,0,0,0,0,0,0
NIFTY BANK.NSE_IDX,22/12/2023,09:30:48,47742.8,0,0,0,0,0,0
NIFTY BANK.NSE_IDX,22/12/2023,09:30:49,47742.9,0,0,0,0,0,0
NIFTY BANK.NSE_IDX,22/12/2023,09:30:50,47742.85,0,0,0,0,0,0
NIFTY BANK.NSE_IDX,22/12/2023,09:30:51,47742.3,0,0,0,0,0,0
NIFTY BANK.NSE_IDX,22/12/2023,09:30:52,47749.15,0,0,0,0,0,0
NIFTY BANK.NSE_IDX,22/12/2023,09:30:53,47746.25,0,0,0,0,0,0
NIFTY BANK.NSE_IDX,22/12/2023,09:30:54,47750.45,0,0,0,0,0,0
NIFTY BANK.NSE_IDX,22/12/2023,09:30:55,47748.95,0,0,0,0,0,0
NIFTY BANK.NSE_IDX,22/12/2023,09:30:56,47748.3,0,0,0,0,0,0
NIFTY BANK.NSE_IDX,22/12/2023,09:30:57,47750,0,0,0,0,0,0
NIFTY BANK.NSE_IDX,22/12/2023,09:30:58,47752,0,0,0,0,0,0
NIFTY BANK.NSE_IDX,22/12/2023,09:30:59,47760.35,0,0,0,0,0,0
NIFTY BANK.NSE_IDX,22/12/2023,09:31:00,47757.8,0,0,0,0,0,0
NIFTY BANK.NSE_IDX,22/12/2023,09:31:01,47760.45,0,0,0,0,0,0
NIFTY BANK.NSE_IDX,22/12/2023,09:31:02,47760.1,0,0,0,0,0,0
NIFTY BANK.NSE_IDX,22/12/2023,09:31:03,47762.8,0,0,0,0,0,0
NIFTY BANK.NSE_IDX,22/12/2023,09:31:04,47761.9,0,0,0,0,0,0
NIFTY BANK.NSE_IDX,22/12/2023,09:31:05,47760.65,0,0,0,0,0,0
NIFTY BANK.NSE_IDX,22/12/2023,09:31:06,47771.75,0,0,0,0,0,0
NIFTY BANK.NSE_IDX,22/12/2023,09:31:07,47765.95,0,0,0,0,0,0
NIFTY BANK.NSE_IDX,22/12/2023,09:31:08,47766.65,0,0,0,0,0,0
NIFTY BANK.NSE_IDX,22/12/2023,09:31:09,47772.25,0,0,0,0,0,0
NIFTY BANK.NSE_IDX,22/12/2023,09:31:10,47765.95,0,0,0,0,0,0
NIFTY BANK.NSE_IDX,22/12/2023,09:31:11,47774.65,0,0,0,0,0,0
NIFTY BANK.NSE_IDX,22/12/2023,09:31:12,47774.7,0,0,0,0,0,0
NIFTY BANK.NSE_IDX,22/12/2023,09:31:13,47775.75,0,0,0,0,0,0
NIFTY BANK.NSE_IDX,22/12/2023,09:31:14,47777.4,0,0,0,0,0,0
NIFTY BANK.NSE_IDX,22/12/2023,09:31:15,47775.45,0,0,0,0,0,0
NIFTY BANK.NSE_IDX,22/12/2023,09:31:16,47779.05,0,0,0,0,0,0
NIFTY BANK.NSE_IDX,22/12/2023,09:31:17,47782.65,0,0,0,0,0,0
NIFTY BANK.NSE_IDX,22/12/2023,09:31:18,47774,0,0,0,0,0,0
NIFTY BANK.NSE_IDX,22/12/2023,09:31:19,47775.6,0,0,0,0,0,0
NIFTY BANK.NSE_IDX,22/12/2023,09:31:20,47779.25,0,0,0,0,0,0
NIFTY BANK.NSE_IDX,22/12/2023,09:31:21,47776.45,0,0,0,0,0,0
NIFTY BANK.NSE_IDX,22/12/2023,09:31:22,47774.9,0,0,0,0,0,0
NIFTY BANK.NSE_IDX,22/12/2023,09:31:23,47769.65,0,0,0,0,0,0
NIFTY BANK.NSE_IDX,22/12/2023,09:31:24,47767.8,0,0,0,0,0,0
NIFTY BANK.NSE_IDX,22/12/2023,09:31:25,47763.15,0,0,0,0,0,0
NIFTY BANK.NSE_IDX,22/12/2023,09:31:26,47769.55,0,0,0,0,0,0
NIFTY BANK.NSE_IDX,22/12/2023,09:31:27,47773.5,0,0,0,0,0,0
NIFTY BANK.NSE_IDX,22/12/2023,09:31:28,47773.05,0,0,0,0,0,0
NIFTY BANK.NSE_IDX,22/12/2023,09:31:29,47770,0,0,0,0,0,0
NIFTY BANK.NSE_IDX,22/12/2023,09:31:30,47772.7,0,0,0,0,0,0
NIFTY BANK.NSE_IDX,22/12/2023,09:31:31,47772.05,0,0,0,0,0,0
NIFTY BANK.NSE_IDX,22/12/2023,09:31:32,47777,0,0,0,0,0,0
NIFTY BANK.NSE_IDX,22/12/2023,09:31:33,47782.85,0,0,0,0,0,0
NIFTY BANK.NSE_IDX,22/12/2023,09:31:34,47786.75,0,0,0,0,0,0
NIFTY BANK.NSE_IDX,22/12/2023,09:31:35,47786.1,0,0,0,0,0,0
NIFTY BANK.NSE_IDX,22/12/2023,09:31:36,47781.75,0,0,0,0,0,0
NIFTY BANK.NSE_IDX,22/12/2023,09:31:37,47787.9,0,0,0,0,0,0
NIFTY BANK.NSE_IDX,22/12/2023,09:31:38,47783.7,0,0,0,0,0,0
NIFTY BANK.NSE_IDX,22/12/2023,09:31:39,47789.6,0,0,0,0,0,0
NIFTY BANK.NSE_IDX,22/12/2023,09:31:40,47792.05,0,0,0,0,0,0
NIFTY BANK.NSE_IDX,22/12/2023,09:31:41,47785.9,0,0,0,0,0,0
NIFTY BANK.NSE_IDX,22/12/2023,09:31:42,47789.7,0,0,0,0,0,0
NIFTY BANK.NSE_IDX,22/12/2023,09:31:43,47794.1,0,0,0,0,0,0
NIFTY BANK.NSE_IDX,22/12/2023,09:31:44,47796.1,0,0,0,0,0,0
NIFTY BANK.NSE_IDX,22/12/2023,09:31:45,47791.5,0,0,0,0,0,0
NIFTY BANK.NSE_IDX,22/12/2023,09:31:46,47781.6,0,0,0,0,0,0
NIFTY BANK.NSE_IDX,22/12/2023,09:31:47,47781.6,0,0,0,0,0,0
NIFTY BANK.NSE_IDX,22/12/2023,09:31:48,47785.15,0,0,0,0,0,0
NIFTY BANK.NSE_IDX,22/12/2023,09:31:49,47786.15,0,0,0,0,0,0
NIFTY BANK.NSE_IDX,22/12/2023,09:31:50,47783,0,0,0,0,0,0
NIFTY BANK.NSE_IDX,22/12/2023,09:31:51,47785.85,0,0,0,0,0,0
NIFTY BANK.NSE_IDX,22/12/2023,09:31:52,47785.25,0,0,0,0,0,0
NIFTY BANK.NSE_IDX,22/12/2023,09:31:53,47787.15,0,0,0,0,0,0
NIFTY BANK.NSE_IDX,22/12/2023,09:31:54,47788.95,0,0,0,0,0,0
NIFTY BANK.NSE_IDX,22/12/2023,09:31:55,47786.35,0,0,0,0,0,0
NIFTY BANK.NSE_IDX,22/12/2023,09:31:56,47785.95,0,0,0,0,0,0
NIFTY BANK.NSE_IDX,22/12/2023,09:31:57,47783.65,0,0,0,0,0,0
NIFTY BANK.NSE_IDX,22/12/2023,09:31:58,47796.8,0,0,0,0,0,0
NIFTY BANK.NSE_IDX,22/12/2023,09:31:59,47793.4,0,0,0,0,0,0
NIFTY BANK.NSE_IDX,22/12/2023,09:32:00,47791.8,0,0,0,0,0,0
NIFTY BANK.NSE_IDX,22/12/2023,09:32:01,47791.25,0,0,0,0,0,0
NIFTY BANK.NSE_IDX,22/12/2023,09:32:02,47791.35,0,0,0,0,0,0
NIFTY BANK.NSE_IDX,22/12/2023,09:32:03,47790.85,0,0,0,0,0,0
NIFTY BANK.NSE_IDX,22/12/2023,09:32:04,47791.4,0,0,0,0,0,0
NIFTY BANK.NSE_IDX,22/12/2023,09:32:05,47791.35,0,0,0,0,0,0
NIFTY BANK.NSE_IDX,22/12/2023,09:32:06,47792.35,0,0,0,0,0,0
NIFTY BANK.NSE_IDX,22/12/2023,09:32:07,47792.7,0,0,0,0,0,0
NIFTY BANK.NSE_IDX,22/12/2023,09:32:08,47790.45,0,0,0,0,0,0
NIFTY BANK.NSE_IDX,22/12/2023,09:32:09,47794.65,0,0,0,0,0,0
NIFTY BANK.NSE_IDX,22/12/2023,09:32:10,47797.75,0,0,0,0,0,0
NIFTY BANK.NSE_IDX,22/12/2023,09:32:11,47791.5,0,0,0,0,0,0
NIFTY BANK.NSE_IDX,22/12/2023,09:32:12,47797.35,0,0,0,0,0,0
NIFTY BANK.NSE_IDX,22/12/2023,09:32:13,47799.95,0,0,0,0,0,0
NIFTY BANK.NSE_IDX,22/12/2023,09:32:14,47793.4,0,0,0,0,0,0
NIFTY BANK.NSE_IDX,22/12/2023,09:32:15,47797.8,0,0,0,0,0,0
NIFTY BANK.NSE_IDX,22/12/2023,09:32:16,47797.95,0,0,0,0,0,0
NIFTY BANK.NSE_IDX,22/12/2023,09:32:17,47801.75,0,0,0,0,0,0
NIFTY BANK.NSE_IDX,22/12/2023,09:32:18,47801.5,0,0,0,0,0,0
NIFTY BANK.NSE_IDX,22/12/2023,09:32:19,47799,0,0,0,0,0,0
NIFTY BANK.NSE_IDX,22/12/2023,09:32:20,47795.95,0,0,0,0,0,0
NIFTY BANK.NSE_IDX,22/12/2023,09:32:21,47796.45,0,0,0,0,0,0
NIFTY BANK.NSE_IDX,22/12/2023,09:32:22,47791.25,0,0,0,0,0,0
NIFTY BANK.NSE_IDX,22/12/2023,09:32:23,47794.05,0,0,0,0,0,0
NIFTY BANK.NSE_IDX,22/12/2023,09:32:24,47794.85,0,0,0,0,0,0
NIFTY BANK.NSE_IDX,22/12/2023,09:32:25,47789.9,0,0,0,0,0,0
NIFTY BANK.NSE_IDX,22/12/2023,09:32:26,47786.8,0,0,0,0,0,0
NIFTY BANK.NSE_IDX,22/12/2023,09:32:27,47787.8,0,0,0,0,0,0
NIFTY BANK.NSE_IDX,22/12/2023,09:32:28,47784.65,0,0,0,0,0,0
NIFTY BANK.NSE_IDX,22/12/2023,09:32:29,47787.35,0,0,0,0,0,0
NIFTY BANK.NSE_IDX,22/12/2023,09:32:30,47788.65,0,0,0,0,0,0
NIFTY BANK.NSE_IDX,22/12/2023,09:32:31,47787.7,0,0,0,0,0,0
NIFTY BANK.NSE_IDX,22/12/2023,09:32:32,47785.95,0,0,0,0,0,0
NIFTY BANK.NSE_IDX,22/12/2023,09:32:33,47785.95,0,0,0,0,0,0
NIFTY BANK.NSE_IDX,22/12/2023,09:32:34,47786.95,0,0,0,0,0,0
NIFTY BANK.NSE_IDX,22/12/2023,09:32:35,47785.7,0,0,0,0,0,0
NIFTY BANK.NSE_IDX,22/12/2023,09:32:36,47785.5,0,0,0,0,0,0
NIFTY BANK.NSE_IDX,22/12/2023,09:32:37,47781.95,0,0,0,0,0,0
NIFTY BANK.NSE_IDX,22/12/2023,09:32:38,47771.85,0,0,0,0,0,0
NIFTY BANK.NSE_IDX,22/12/2023,09:32:39,47772.55,0,0,0,0,0,0
NIFTY BANK.NSE_IDX,22/12/2023,09:32:40,47771.05,0,0,0,0,0,0
NIFTY BANK.NSE_IDX,22/12/2023,09:32:41,47769.55,0,0,0,0,0,0
NIFTY BANK.NSE_IDX,22/12/2023,09:32:42,47779.3,0,0,0,0,0,0
NIFTY BANK.NSE_IDX,22/12/2023,09:32:43,47775.85,0,0,0,0,0,0
NIFTY BANK.NSE_IDX,22/12/2023,09:32:44,47771.7,0,0,0,0,0,0
NIFTY BANK.NSE_IDX,22/12/2023,09:32:45,47772.8,0,0,0,0,0,0
NIFTY BANK.NSE_IDX,22/12/2023,09:32:46,47773.85,0,0,0,0,0,0
NIFTY BANK.NSE_IDX,22/12/2023,09:32:47,47777.55,0,0,0,0,0,0
NIFTY BANK.NSE_IDX,22/12/2023,09:32:48,47778.15,0,0,0,0,0,0
NIFTY BANK.NSE_IDX,22/12/2023,09:32:49,47778.05,0,0,0,0,0,0
NIFTY BANK.NSE_IDX,22/12/2023,09:32:50,47779.9,0,0,0,0,0,0
NIFTY BANK.NSE_IDX,22/12/2023,09:32:51,47779.95,0,0,0,0,0,0
NIFTY BANK.NSE_IDX,22/12/2023,09:32:52,47772.95,0,0,0,0,0,0
NIFTY BANK.NSE_IDX,22/12/2023,09:32:53,47772.1,0,0,0,0,0,0
NIFTY BANK.NSE_IDX,22/12/2023,09:32:54,47770.45,0,0,0,0,0,0
NIFTY BANK.NSE_IDX,22/12/2023,09:32:55,47773.05,0,0,0,0,0,0
NIFTY BANK.NSE_IDX,22/12/2023,09:32:56,47772.1,0,0,0,0,0,0
NIFTY BANK.NSE_IDX,22/12/2023,09:32:57,47771,0,0,0,0,0,0
NIFTY BANK.NSE_IDX,22/12/2023,09:32:58,47766.8,0,0,0,0,0,0
NIFTY BANK.NSE_IDX,22/12/2023,09:32:59,47764.05,0,0,0,0,0,0
NIFTY BANK.NSE_IDX,22/12/2023,09:33:00,47767.35,0,0,0,0,0,0
NIFTY BANK.NSE_IDX,22/12/2023,09:33:01,47767.75,0,0,0,0,0,0
NIFTY BANK.NSE_IDX,22/12/2023,09:33:02,47759.6,0,0,0,0,0,0
NIFTY BANK.NSE_IDX,22/12/2023,09:33:03,47768.45,0,0,0,0,0,0
NIFTY BANK.NSE_IDX,22/12/2023,09:33:04,47755.35,0,0,0,0,0,0
NIFTY BANK.NSE_IDX,22/12/2023,09:33:05,47757.15,0,0,0,0,0,0
NIFTY BANK.NSE_IDX,22/12/2023,09:33:06,47759.9,0,0,0,0,0,0
NIFTY BANK.NSE_IDX,22/12/2023,09:33:07,47753.1,0,0,0,0,0,0
NIFTY BANK.NSE_IDX,22/12/2023,09:33:08,47746.5,0,0,0,0,0,0
NIFTY BANK.NSE_IDX,22/12/2023,09:33:09,47745.4,0,0,0,0,0,0
NIFTY BANK.NSE_IDX,22/12/2023,09:33:10,47747.4,0,0,0,0,0,0
NIFTY BANK.NSE_IDX,22/12/2023,09:33:11,47753.5,0,0,0,0,0,0
NIFTY BANK.NSE_IDX,22/12/2023,09:33:12,47750.05,0,0,0,0,0,0
NIFTY BANK.NSE_IDX,22/12/2023,09:33:13,47752.75,0,0,0,0,0,0
NIFTY BANK.NSE_IDX,22/12/2023,09:33:14,47751.75,0,0,0,0,0,0
NIFTY BANK.NSE_IDX,22/12/2023,09:33:15,47751.95,0,0,0,0,0,0
NIFTY BANK.NSE_IDX,22/12/2023,09:33:16,47746.55,0,0,0,0,0,0
NIFTY BANK.NSE_IDX,22/12/2023,09:33:17,47739.55,0,0,0,0,0,0
NIFTY BANK.NSE_IDX,22/12/2023,09:33:18,47748.1,0,0,0,0,0,0
NIFTY BANK.NSE_IDX,22/12/2023,09:33:19,47747.6,0,0,0,0,0,0
NIFTY BANK.NSE_IDX,22/12/2023,09:33:20,47746.45,0,0,0,0,0,0
NIFTY BANK.NSE_IDX,22/12/2023,09:33:21,47757.3,0,0,0,0,0,0
NIFTY BANK.NSE_IDX,22/12/2023,09:33:22,47756.5,0,0,0,0,0,0
NIFTY BANK.NSE_IDX,22/12/2023,09:33:23,47756.5,0,0,0,0,0,0
NIFTY BANK.NSE_IDX,22/12/2023,09:33:24,47760.25,0,0,0,0,0,0
NIFTY BANK.NSE_IDX,22/12/2023,09:33:25,47758.45,0,0,0,0,0,0
NIFTY BANK.NSE_IDX,22/12/2023,09:33:26,47761,0,0,0,0,0,0
NIFTY BANK.NSE_IDX,22/12/2023,09:33:27,47760.75,0,0,0,0,0,0
NIFTY BANK.NSE_IDX,22/12/2023,09:33:28,47763.85,0,0,0,0,0,0
NIFTY BANK.NSE_IDX,22/12/2023,09:33:29,47762.55,0,0,0,0,0,0
NIFTY BANK.NSE_IDX,22/12/2023,09:33:30,47767.15,0,0,0,0,0,0
NIFTY BANK.NSE_IDX,22/12/2023,09:33:31,47766.25,0,0,0,0,0,0
NIFTY BANK.NSE_IDX,22/12/2023,09:33:32,47769.7,0,0,0,0,0,0
NIFTY BANK.NSE_IDX,22/12/2023,09:33:33,47771.4,0,0,0,0,0,0
NIFTY BANK.NSE_IDX,22/12/2023,09:33:34,47764.95,0,0,0,0,0,0
NIFTY BANK.NSE_IDX,22/12/2023,09:33:35,47756.45,0,0,0,0,0,0
NIFTY BANK.NSE_IDX,22/12/2023,09:33:36,47744.2,0,0,0,0,0,0
NIFTY BANK.NSE_IDX,22/12/2023,09:33:37,47741.95,0,0,0,0,0,0
NIFTY BANK.NSE_IDX,22/12/2023,09:33:38,47747.15,0,0,0,0,0,0
NIFTY BANK.NSE_IDX,22/12/2023,09:33:39,47750.3,0,0,0,0,0,0
NIFTY BANK.NSE_IDX,22/12/2023,09:33:40,47751.25,0,0,0,0,0,0
NIFTY BANK.NSE_IDX,22/12/2023,09:33:41,47749,0,0,0,0,0,0
NIFTY BANK.NSE_IDX,22/12/2023,09:33:42,47740.5,0,0,0,0,0,0
NIFTY BANK.NSE_IDX,22/12/2023,09:33:43,47750.05,0,0,0,0,0,0
NIFTY BANK.NSE_IDX,22/12/2023,09:33:44,47753.05,0,0,0,0,0,0
NIFTY BANK.NSE_IDX,22/12/2023,09:33:45,47747.75,0,0,0,0,0,0
NIFTY BANK.NSE_IDX,22/12/2023,09:33:46,47757.05,0,0,0,0,0,0
NIFTY BANK.NSE_IDX,22/12/2023,09:33:47,47752.6,0,0,0,0,0,0
NIFTY BANK.NSE_IDX,22/12/2023,09:33:48,47751.3,0,0,0,0,0,0
NIFTY BANK.NSE_IDX,22/12/2023,09:33:49,47750.9,0,0,0,0,0,0
NIFTY BANK.NSE_IDX,22/12/2023,09:33:50,47745.1,0,0,0,0,0,0
NIFTY BANK.NSE_IDX,22/12/2023,09:33:51,47750.5,0,0,0,0,0,0
NIFTY BANK.NSE_IDX,22/12/2023,09:33:52,47752.55,0,0,0,0,0,0
NIFTY BANK.NSE_IDX,22/12/2023,09:33:53,47748.15,0,0,0,0,0,0
NIFTY BANK.NSE_IDX,22/12/2023,09:33:54,47748,0,0,0,0,0,0
NIFTY BANK.NSE_IDX,22/12/2023,09:33:55,47750.45,0,0,0,0,0,0
NIFTY BANK.NSE_IDX,22/12/2023,09:33:56,47752.8,0,0,0,0,0,0
NIFTY BANK.NSE_IDX,22/12/2023,09:33:57,47747.65,0,0,0,0,0,0
NIFTY BANK.NSE_IDX,22/12/2023,09:33:58,47754.55,0,0,0,0,0,0
NIFTY BANK.NSE_IDX,22/12/2023,09:33:59,47745.05,0,0,0,0,0,0
NIFTY BANK.NSE_IDX,22/12/2023,09:34:00,47752,0,0,0,0,0,0
NIFTY BANK.NSE_IDX,22/12/2023,09:34:01,47751.75,0,0,0,0,0,0
NIFTY BANK.NSE_IDX,22/12/2023,09:34:02,47772.05,0,0,0,0,0,0
NIFTY BANK.NSE_IDX,22/12/2023,09:34:03,47764.45,0,0,0,0,0,0
NIFTY BANK.NSE_IDX,22/12/2023,09:34:04,47772.85,0,0,0,0,0,0
NIFTY BANK.NSE_IDX,22/12/2023,09:34:05,47771.3,0,0,0,0,0,0
